2894 4616
460 61 515 112 nn
537 43 593 121 rr,
618 43 655 128 §s
679 38 867 108 lou-170.
956 117 957 122 Ι
1193 35 1259 103 449

54 237 152 299 terea
175 235 330 320 percepit,
356 230 483 310 reddet,
508 253 636 298 summa
660 231 747 296 enim
760 219 785 314 ¹)
806 230 812 312 Ι
831 229 954 294 fructus
974 231 979 314 Ι
1000 229 1187 296 licitationis
1197 250 1261 296 non
1283 252 1333 306 us

51 341 205 423 pretium
235 343 283 405 est
312 338 494 416 fructuum,
521 339 575 404 sed
599 357 716 422 poenae
740 333 878 414 nolmine
901 334 1054 421 solvitur,
1078 336 1162 420 quod
1185 339 1293 422 quise

51 444 201 510 alienam
235 447 464 528 possessionem
498 465 553 530 per
579 445 642 534 ⁴hoc
674 438 808 527 temtpus
839 443 974 536 retinere
1006 445 1038 505 et
1072 439 1259 507 facultatem
1282 464 1308 508 ro

6 551 30 629 t)
47 549 188 615 fruendi
222 551 362 616 nancisci
392 541 529 620 calcatus
561 556 618 615 est.
667 549 727 614 llle
758 552 885 624 autom,
920 547 975 632 qui
1008 547 1131 612 fructus
1154 548 1258 615 licita·
1283 571 1306 615 n

48 655 149 720 tione
180 654 286 722 victus
322 661 388 739 est,
420 658 448 720 si
474 677 537 721 non
557 656 563 741 Ι
582 654 764 740 probaverit
788 653 827 718 ad
852 674 884 718 se
907 654 1305 739 [1111111111ροεεθεείο-11

48 781 154 837 nem,
184 764 312 826 tantum
343 757 524 846 spcnlsionis
548 765 580 827 et
602 760 852 846 restipulationis
876 779 1038 824 summam
1061 779 1179 845 poenae
1201 781 1256 826 no·
1280 783 1305 827 (3

6 863 28 951 t)
47 866 149 930 mine
169 867 175 950 Ι
196 865 312 932 debet,
346 864 551 934 Admonendi
582 872 690 932 tamen
721 886 850 950 sumus,
874 864 1015 930 liberum
1039 885 1106 929 esse
1129 865 1176 942 ei,
1202 868 1257 951 qui
1282 889 1307 932 n

48 964 191 1046 r'rulctus
213 971 389 1037 licitatione
408 973 513 1038 victus
532 975 680 1059 [fc]erit,
702 972 820 1037 omissa
835 970 1009 1036 fructuaria
1028 965 1251 1054 stipulatione,
1280 996 1312 1052 (5,
1329 996 1354 1040 ro

47 1077 146 1142 sicut
176 1074 371 1144 Cascelliano
402 1081 470 1144 sive
501 1081 658 1144 secutorio
691 1078 835 1163 iudicio}
855 1077 894 1141 de
926 1077 1108 1158 possessione
1139 1079 1256 1163 recipe·
1279 1101 1304 1145 n

46 1183 158 1247 rande
181 1185 352 1267 experitur,
380 1184 424 1248 sic
447 1185 536 1249 etium
558 1182 749 1272 deliructus
773 1182 949 1248 licitatione
969 1203 1080 1269 agero,
1100 1183 1134 1246 in
1155 1204 1252 1268 quam
1278 1207 1304 1250 aa

46 1310 129 1353 rem
151 1289 317 1373 proprium
340 1288 497 1354 iudicium
518 1291 523 1376 Ι
544 1295 765 1374 comparatum
790 1293 855 1372 est,
880 1288 964 1372 quod
988 1287 1168 1372 appellatur
1187 1290 1252 1354 fru-
1276 1313 1301 1357 rc
1373 1309 1375 1313 ·

48 1395 239 1478 cataoniam,
275 1414 337 1478 quo
370 1398 499 1461 nomine
519 1397 525 1480 Ι
546 1401 632 1461 actor
666 1394 846 1460 iudicatum
878 1392 960 1460 solvi
998 1395 1075 1488 satis
1108 1390 1252 1481 accipiat.
1276 1410 1302 1451 (Ι

48 1497 189 1566 Dicitur
211 1506 319 1565 autom
343 1505 375 1566 et
396 1501 457 1567 hoc
479 1501 637 1566 iudicium
660 1492 879 1579 secultorium,
901 1500 985 1584 quod
1006 1503 1149 1585 sequitur
1160 1522 1252 1587 spon·
1274 1515 1299 1556 Ι(

48 1606 157 1671 sionis
179 1606 366 1685 victoriam,
391 1608 447 1673 sed
469 1627 532 1672 non
556 1627 653 1692 aeque
674 1607 679 1690 Ι
700 1601 933 1671 Cascellianum
956 1611 1099 1672 vocatur.
1121 1607 1126 1692 Ι
1276 1621 1303 1662 22

6 1709 33 1797 1)
105 1711 169 1776 sec
200 1714 274 1796 quia
303 1712 467 1798 nonnulli,
499 1713 668 1778 interdicto
699 1711 841 1789 reddito,
875 1715 1060 1776 caeteraex
1084 1713 1303 1779 interdictos

55 1818 175 1908 facelre
203 1817 352 1884 nolebant
376 1823 470 1904 atque
494 1820 533 1884 ob
555 1818 590 1883 id
612 1838 675 1883 non
698 1822 822 1902 poterat
844 1838 892 1882 res
915 1818 1075 1904 expediri,
1099 1814 1252 1903 praetorll
1276 1831 1302 1873 ²⁴

49 1925 92 1988 in
125 1944 197 1989 eam
227 1946 296 1989 rem
319 1927 489 2011 ,prospexit
520 1930 552 1990 et
584 1923 781 2009 comparavit
804 1923 994 2008 interdicta,
1018 1945 1099 2009 quae
1119 1927 1124 2009 Ι
1145 1946 1254 1990 secun·
1276 1947 1290 1990 a
1320 1923 1387 1990 246

52 2030 150 2094 daria
173 2030 384 2117 appellamus,
410 2031 492 2115 quod
516 2029 652 2116 secundo
675 2028 744 2095 loco
767 2029 950 2106 redduntur,
965 2028 970 2107 Ι
985 2050 1122 2114 quorum
1145 2031 1195 2097 uir
1218 2054 1288 2096 cca
1316 2017 1387 2102 llll)

43 2143 189 2222 potestas
220 2135 298 2201 haec
331 2141 395 2211 cst,
421 2141 458 2201 ut
479 2136 535 2222 qui
544 2133 581 2222 (1)
608 2139 731 2200 caetera
754 2156 792 2199 ex
815 2134 992 2216 interdicto
1015 2155 1078 2200 non
1100 2135 1248 2222 faci[c]t,
1273 2159 1286 2202 a

52 2242 153 2310 velut
181 2243 236 2327 qui
266 2243 334 2310 vim
362 2263 424 2308 non
453 2242 549 2308 faciat
573 2247 629 2307 aut
651 2241 773 2306 fructus
797 2263 860 2306 non
883 2242 1066 2328 lice[c]tur,
1088 2246 1093 2328 Ι
1114 2247 1170 2306 aut
1187 2227 1285 2326 'quis

53 2349 186 2414 fructus
216 2347 402 2414 licitationis
431 2350 509 2413 satis
537 2367 600 2412 non
623 2346 694 2430 det,
719 2352 775 2410 aut
798 2347 850 2431 qui
863 2347 888 2432 ²)
914 2347 1108 2432 sponsion[ec
1129 2354 1255 2433 reciproc-

53 2455 276 2542 lcttonesJoe³t
300 2455 304 2542 Ι
325 2475 388 2528 non
409 2454 557 2538 iaci[c]t,
583 2454 819 2538 sponsioncmve
831 2454 857 2534 4)
876 2454 996 2519 iudicia
1015 2473 1077 2519 non
1097 2455 1248 2540 accipiat,
1273 2477 1286 2521 o

53 2565 85 2655 si
100 2562 126 2646 ⁵)
163 2560 338 2646 possideat,
360 2562 365 2646 Ι
385 2566 422 2625 ct
455 2563 604 2626 restituat
639 2561 817 2627 adversario
852 2565 1097 2646 possessionem,
1129 2569 1157 2626 si
1187 2586 1281 2631 noar

47 2667 216 2752 possidetur
245 2674 279 2732 ct
309 2673 367 2731 otc
397 2667 448 2732 illi
478 2667 652 2751 possidenti
674 2667 774 2751 non⁸)
798 2658 905 2736 faciat.
950 2669 1062 2752 Itaque
1086 2669 1145 2733 etsi
1168 2668 1247 2735 alias
1270 2693 1284 2736 a

54 2772 202 2859 potnerit
222 2774 226 2857 Ι
247 2773 414 2840 interdicto
436 2775 507 2851 „uti
526 2773 711 2858 possidetis”
730 2775 876 2852 vincere,
901 2775 930 2839 si
952 2779 1075 2840 caetera
1094 2795 1133 2840 ex
1151 2775 1248 2840 inter·
1271 2796 1285 2841 c

56 2880 148 2945 dicto
168 2879 173 2957 Ι
184 2881 296 2964 fucore
313 2879 469 2957 vocantes,
490 2884 599 2945 tamen
617 2900 673 2966 per
693 2880 901 2947 interdictum
914 2881 1136 2948 secundarium
1147 2881 1247 2974 v†⁷)}
1273 2903 1297 2947 ro

56 3035 241 3048 *αι-

103 3107 132 3179 1)
152 3107 272 3178 (fructus
291 3123 360 3176 quos
378 3117 434 3180 4'ea
452 3107 546 3176 pcepit
565 3107 658 3162 reddit
677 3125 786 3162 summa
805 3110 853 3194 ep)
873 3107 904 3163 0.

99 3197 129 3269 *Ι
150 3196 275 3268 »Pagina
299 3195 419 3252 exterior
438 3195 598 3251 difficillime
616 3197 720 3268 legitur
738 3197 859 3268 plurima
878 3214 989 3264 eorum,
1009 3215 1082 3266 quac
1102 3198 1246 3268 descripsi,

58 3287 171 3342 incerta
190 3289 269 3353 sunt,
289 3285 438 3342 incertiora
456 3305 511 3342 non
530 3304 621 3357 pauca
638 3288 793 3344 describere
812 3287 966 3359 poteram”.

101 3379 133 3450 2)
154 3381 194 3438 cc
215 3376 246 3431 si.

99 3466 133 3536 3)
153 3468 192 3523 Oc
212 3465 390 3537 sponsionib.
441 3457 443 3461 ’

99 3560 133 3630 4)
153 3556 191 3612 Os
211 3557 409 3626 sponsionisve.

100 3645 133 3714 5)
154 3646 192 3702 Oc
213 3645 279 3702 sive.

100 3739 132 3806 6)
153 3736 197 3791 Sic
216 3736 245 3790 in
265 3736 358 3791 codice
377 3735 462 3790 firisse
481 3736 552 3791 mihi
569 3737 681 3806 quidem
701 3738 819 3793 videtur.
839 3739 948 3793 Littera
967 3739 1041 3793 enim
1058 3759 1076 3792 a
1091 3754 1246 3806 numquam

59 3830 132 3883 nota
146 3829 189 3881 est
204 3825 314 3881 ocabuli
329 3845 368 3880 nc.
395 3824 544 3881 Caeterum
564 3827 649 3882 etiam
668 3827 744 3898 apud
763 3828 832 3887 alios
852 3828 998 3899 scriptores
1015 3830 1162 3906 argenteae
1178 3827 1243 3889 lati-

61 3915 163 3972 nitatis
183 3926 212 3970 ot
229 3934 281 3970 non
299 3933 350 3986 pro
369 3935 401 3972 ne
418 3915 465 3971 hic
483 3915 542 3971 illio
562 3917 691 3972 occurrit.
1053 3903 1056 3908 ¹

102 4008 131 4072 7)
152 4005 280 4077 Spatium
299 4005 402 4061 sufficit
420 4005 468 4062 ad:
488 4007 540 4061 cin.
558 4009 562 4078 Ι
624 4025 628 4030 ·
