3024 4574
647 88 731 140 mer.
754 72 780 138 Ι.
803 90 850 140 rx.
872 91 896 139 1
918 94 965 160 pr.

774 289 833 358 [K

573 439 625 502 DE
644 439 787 502 Parum
805 440 1033 506 potueruut.

262 583 310 655 ln
338 592 512 680 potestate
544 593 667 654 nostm
699 592 782 688 sunt
811 580 916 655 liberi
948 583 1084 674 nostri,
1109 609 1200 683 quos
1227 611 1269 656 ex
1293 585 1394 656 iustis

215 697 347 794 nuptiis
375 696 691 793 procreaverimus.
728 695 870 782 Nuptiae
902 703 1012 764 autem
1046 699 1114 764 sive
1147 700 1425 766 matrimonium

217 816 266 878 est
287 812 351 876 viri
373 813 406 874 et
428 807 574 874 mulieris
590 811 788 888 coniunctio,
806 809 1007 875 individuam
1026 810 1286 876 consuetudinem
1305 813 1392 877 vitae

215 919 387 983 continens.
434 913 497 984 lus
521 923 637 985 autem
656 913 861 1011 potestatis,
881 909 1031 1012 quadiu
1049 911 1389 1004 liberoshabemus,
1411 937 1427 984 a

212 1026 393 1124 proprium
423 1035 478 1097 est
509 1025 638 1097 civium
672 1026 939 1097 Romanorum:
972 1024 1061 1096 nulli
1095 1027 1189 1098 enim
1222 1025 1282 1097 alii
1312 1037 1395 1099 sunt

210 1137 388 1232 homines,
408 1138 469 1237 qui
492 1137 598 1210 talem
621 1138 659 1208 in
675 1136 809 1210 liberos
828 1136 983 1210 habeant
1000 1147 1229 1236 potestatem,
1250 1138 1392 1238 qualem

213 1276 280 1325 nos
304 1248 487 1324 habemus.
536 1251 599 1334 Qui
622 1255 725 1341 igitur
746 1274 785 1318 ex
804 1257 837 1318 te
857 1258 889 1318 et
910 1273 1008 1318 uxore
1026 1259 1083 1318 tua
1100 1258 1258 1331 nascitur,
1279 1257 1426 1320 intusa

212 1371 369 1453 potestate
399 1369 465 1432 est:
494 1366 575 1430 item
596 1366 651 1450 qui
674 1385 713 1430 ex
736 1362 802 1431 lilio
825 1369 881 1429 tna
904 1369 936 1430 et
957 1384 1056 1429 uxore
1079 1367 1148 1431 eius
1169 1368 1331 1441 nascitur,
1355 1363 1391 1430 id

215 1477 263 1540 est
291 1492 388 1558 nepos
418 1475 494 1537 tuus
524 1475 556 1536 et
578 1473 699 1557 neptis,
724 1490 822 1555 aeque
842 1472 877 1534 in
900 1473 956 1534 tua
978 1475 1053 1535 sunt
1075 1474 1245 1554 potestate,
1267 1477 1300 1536 et
1319 1491 1391 1555 pro

214 1599 310 1665 nepos
340 1583 373 1644 et
403 1578 564 1664 proneptis
595 1581 627 1642 et
658 1576 805 1660 deinceps
834 1575 941 1642 aeteri.
976 1576 1031 1660 qui
1053 1579 1162 1640 tamen
1185 1596 1224 1641 ex
1245 1573 1312 1642 filia
1335 1580 1393 1642 tua

84 1763 85 1768 η
214 1686 375 1763 nascitur,
400 1684 435 1748 in
456 1688 515 1749 tua
534 1685 690 1769 potestate
710 1700 772 1748 non
795 1684 860 1758 est,
884 1679 939 1747 ssd
960 1682 995 1782 in
1016 1680 1117 1767 patris
1139 1681 1218 1746 eiua

778 1891 821 1958 X.

685 2071 737 2132 Du
756 2070 921 2136 NUP'I'HS.

256 2214 360 2281 Iustas
391 2221 500 2282 autem
522 2216 650 2302 nuptias
672 2216 756 2281 inter
777 2235 812 2280 se
835 2215 920 2281 eires
941 2213 1078 2281 Romani
1099 2215 1306 2294 contrahunt,
1330 2217 1387 2301 qui

211 2321 386 2388 seeundum
415 2326 582 2406 praecepta
610 2318 723 2404 legum
753 2325 882 2397 coeunt,
914 2320 1049 2386 maseuli
1079 2319 1210 2406 quidem
1232 2321 1385 2407 puberes,

210 2429 348 2494 feminae
378 2432 486 2493 autem
515 2427 739 2512 viripotentes,
772 2428 840 2491 sive
861 2430 966 2512 patres
986 2425 1126 2492 familias
1148 2428 1213 2492 sint
1235 2429 1304 2492 sive
1325 2425 1387 2494 filii

210 2533 367 2613 familias,
391 2533 468 2598 dum
492 2536 600 2598 tamen
619 2530 840 2597 filiifamilias
862 2536 894 2597 et
916 2551 1102 2598 eonsensum
1120 2531 1258 2598 habeant
1275 2523 1386 2619 paren·

209 2644 297 2714 tum,
322 2659 456 2724 quorum
479 2638 513 2702 in
535 2641 692 2724 potestate
714 2643 798 2703 sunt.
821 2657 897 2704 nam
918 2636 979 2704 hoe
1001 2636 1070 2704 fieri
1092 2636 1205 2703 debere
1227 2643 1260 2704 et
1280 2637 1387 2706 civilis

209 2748 243 2809 et
273 2743 428 2808 naturalis
455 2743 538 2808 ratio
568 2743 680 2808 suadet
706 2745 741 2806 in
763 2747 908 2821 tantum,
930 2748 969 2809 ut
988 2744 1113 2808 iussum
1135 2745 1275 2829 parentis
1296 2765 1385 2831 prae-

211 2849 319 2915 aedera
349 2848 476 2914 debeat.
502 2847 587 2914 unde
609 2849 789 2932 quaesitum
812 2852 878 2926 eat,
902 2867 943 2915 an
965 2847 1076 2915 furiosi
1096 2845 1165 2914 filia
1184 2849 1304 2914 nubere
1327 2853 1384 2915 aut
1504 2833 1505 2838 ἵ

209 2955 322 3021 furiosi
351 2951 438 3018 filius
455 2972 599 3019 uxorem
629 2952 742 3018 dooere
764 2949 884 3038 possiti
918 2973 1054 3040 eumque
1076 2973 1170 3040 super
1191 2952 1258 3020 filio
1281 2956 1384 3021 varia·

208 3061 323 3136 batur,
352 3064 459 3125 nostra
489 3061 642 3144 processit
670 3057 802 3135 decisio,
836 3077 898 3144 qua
927 3061 1119 3144 permissum
1147 3063 1195 3125 est
1213 3059 1254 3125 ad
1277 3080 1383 3127 exem·
1503 3051 1504 3074 ³

207 3164 299 3255 plum
321 3163 405 3232 filiae
428 3165 540 3232 furiosi
560 3163 664 3231 lilium
688 3184 812 3252 quoque
834 3184 924 3251 posse
945 3169 978 3230 et
996 3165 1064 3230 sine
1081 3164 1182 3249 patris
1199 3167 1384 3233 interventu

206 3273 453 3338 matrimonium
479 3271 543 3338 sibi
572 3269 718 3357 aepulare
747 3269 922 3336 seeundum
951 3269 1065 3336 datum
1095 3290 1134 3336 er
1155 3272 1386 3338 eomtitutione
1502 3287 1503 3290 ’

147 3393 149 3397 “
202 3375 348 3448 modum.
