2916 4604
545 15 629 90 ruer.
701 15 781 68 zm.
804 17 851 88 pr.
948 38 1026 68 -.

203 191 469 260 necessitudinem
499 191 564 260 sibi
590 171 790 278 iunguntur,
815 191 893 260 adeo
916 189 1106 277 expellebat,
1132 195 1170 256 ut
1192 184 1370 276 nequidem

205 301 289 367 inter
318 305 455 365 matrem
483 301 515 362 et
545 294 650 362 filium
681 295 824 364 filiamve
855 297 941 366 ultro
965 299 1106 382 citroque
1127 296 1310 362 hereditatis
1331 318 1371 361 ca
1439 351 1440 364 ,

206 407 338 493 piendae
368 408 420 470 ius
450 403 556 480 daret,
587 406 651 468 nisi
681 404 766 488 quod
795 411 954 490 praetores
983 425 1020 470 ex
1044 406 1249 489 proximitate
1272 424 1375 490 cogno·

206 519 314 582 torum
345 533 396 578 eas
428 530 574 597 personas
606 509 646 576 ad
669 513 884 578 sucessionem
908 512 1062 577 bonorum
1085 511 1280 596 possessione
1301 509 1376 574 unde

208 622 337 714 cognati
358 616 596 687 accommodata
619 618 784 685 vocabant.
820 616 883 684 Sed
905 617 965 687 hae
986 619 1066 682 iuris
1089 619 1254 706 angustiae
1276 623 1393 701 posteat

206 725 390 792 emendatae
422 728 504 790 sunt.
554 728 585 788 et
614 726 738 809 primus
769 725 898 809 quidem
928 724 1022 818 divus
1049 720 1202 790 Claudius
1225 724 1320 786 matri
1344 722 1378 788 ad

206 830 357 900 solatium
379 829 555 896 liberorum
578 835 769 897 emissorum
792 830 976 918 legitimam
996 850 1106 895 eorum
1127 828 1244 896 detulit
1263 829 1378 894 heredi-

205 947 317 1007 tatem.
363 937 478 1003 Postea
509 941 617 1003 autem
646 944 774 1004 senatus
804 937 948 1003 consulto
971 935 1185 1015 Tertulliano,
1210 936 1294 1021 quod
1318 935 1397 998 divis
1439 955 1440 990 t

205 1043 363 1112 Hadriani
389 1044 588 1129 temporibus
618 1044 739 1109 factum
772 1049 837 1129 est,
868 1042 1052 1129 plenissime
1082 1043 1121 1108 de
1151 1044 1237 1106 tristi
1265 1062 1379 1106 succce-

205 1153 292 1219 sione
322 1152 438 1235 matri,
468 1170 532 1215 non
554 1152 652 1215 etiam
675 1152 766 1218 aviae
790 1149 957 1216 deferende
980 1157 1109 1216 cautum
1132 1153 1197 1213 est:
1223 1153 1261 1213 ut
1283 1153 1380 1212 mater
1439 1157 1440 1200 i

205 1261 344 1347 ingenua
366 1259 465 1322 trium
487 1255 662 1324 liberorum
684 1258 735 1321 ius
758 1257 894 1335 habeus,
915 1255 1065 1322 libertina
1084 1258 1234 1339 quattuor
1253 1255 1293 1320 ad
1305 1254 1381 1319 bona

160 1427 164 1434 .
205 1363 345 1431 filiorum
376 1361 557 1428 filiarumve
591 1361 781 1428 admittatur
812 1365 1037 1428 intestatorum
1067 1365 1287 1438 mortuorum,
1312 1359 1381 1424 licet

207 1472 241 1536 in
271 1474 427 1556 potestate
457 1469 597 1554 parantis
620 1473 685 1547 cst,
710 1473 746 1534 ut
768 1468 905 1547 seilicet,
930 1490 1004 1536 cum
1028 1466 1132 1534 alieno
1154 1468 1219 1532 iuri
1242 1467 1381 1532 subiecta

206 1582 270 1656 est,
305 1578 395 1641 iussu
429 1578 497 1640 aius
531 1574 640 1652 adeat,
672 1577 764 1640 ouius
793 1577 858 1640 iuri
888 1576 1030 1641 subiecta
1053 1579 1111 1640 est.
1157 1573 1398 1640 Praeferunturs

205 1686 315 1748 autem
343 1682 441 1745 matri
468 1679 562 1746 liberi
592 1680 752 1765 defuncti,
776 1682 832 1766 qui
854 1684 904 1746 sui
926 1689 1002 1747 suut
1024 1684 1120 1766 quive
1142 1700 1274 1746 suorum
1298 1678 1380 1752 loco,

204 1791 271 1856 sive
301 1789 400 1873 primi
430 1785 548 1874 gradus
579 1788 647 1852 sive
678 1785 849 1852 ulterioris.
897 1787 952 1853 sed
978 1793 1010 1854 et
1033 1787 1117 1853 filiae
1139 1808 1214 1853 suae
1237 1791 1380 1852 mortuae

202 1894 289 1960 filius
310 1893 364 1959 vel
386 1891 453 1958 filia
476 1895 644 1978 opponitur
668 1913 707 1957 ex
730 1894 1010 1960 constitutionibus
1028 1897 1126 1960 matri
1145 1894 1332 1970 defunctae,
1351 1892 1381 1954 id

204 2006 252 2067 est
280 2001 369 2066 aviae
400 2019 484 2064 suae.
532 2002 622 2083 pater
654 2018 777 2084 quoque
808 2001 989 2084 utriusque,
1020 2021 1083 2066 non
1106 2003 1204 2066 etiam
1227 2020 1309 2066 emus
1333 1997 1380 2064 vel

155 2123 158 2132 ·
200 2126 337 2194 proavus
367 2106 465 2170 metri
495 2106 714 2188 anteponitur,
740 2104 861 2170 scilicet
884 2126 959 2171 cum
982 2109 1064 2172 inter
1087 2127 1139 2172 eos
1161 2106 1244 2172 solos
1267 2105 1309 2171 de
1333 2105 1380 2168 he·

201 2214 335 2280 reditate
359 2214 477 2299 agitur.
511 2212 608 2277 frater
632 2220 741 2277 autem
760 2216 1011 2300 consanguineus
1030 2218 1098 2278 tam
1117 2213 1177 2279 filii
1188 2233 1285 2298 quam
1300 2210 1380 2276 filiae

201 2318 390 2388 excludebat
408 2323 561 2384 matrem:
582 2338 668 2384 soror
687 2324 796 2385 autem
813 2323 1045 2408 consanguinea
1063 2323 1181 2406 pariter
1193 2339 1268 2385 cum
1279 2323 1380 2382 matre

200 2426 448 2493 admittebatur:
469 2423 524 2489 sed
544 2426 572 2488 si
591 2424 694 2490 fuerat
713 2425 811 2490 irater
829 2431 861 2490 et
880 2446 966 2491 soror
985 2428 1211 2515 consanguinei
1231 2433 1264 2490 et
1279 2430 1380 2489 mater

201 2531 311 2599 liberis
339 2532 492 2596 honorata
499 2576 509 2609 ,
539 2530 637 2595 frater
664 2531 792 2615 quidem
815 2537 952 2598 matrem
975 2533 1177 2611 excludebat,
1202 2534 1379 2598 communis

201 2645 310 2706 autem
338 2643 406 2703 crat
436 2635 595 2702 hereditas
625 2657 664 2701 ex
695 2639 803 2721 aequis
825 2639 970 2723 partibus
992 2640 1084 2705 fratri
1107 2643 1139 2704 et
1163 2640 1268 2704 sorori.
1320 2635 1395 2700 Seds

200 2766 258 2812 nos
288 2744 528 2814 constitutione,
559 2762 655 2826 quam
685 2745 719 2806 in
749 2744 855 2809 codice
882 2751 989 2812 nostro
1009 2748 1138 2811 nomine
1161 2746 1309 2810 decorato
1332 2763 1378 2826 po

202 2853 344 2933 suimus,
374 2850 472 2914 matri
500 2847 753 2914 subveniendum
784 2870 850 2916 esse
881 2854 1153 2929 existimavimus,
1177 2851 1377 2936 respicientes

200 2956 240 3024 ad
269 2958 418 3021 naturam
443 2952 480 3018 'et
508 2956 711 3038 puerperium
739 2959 772 3023 et
802 2957 981 3042 perieulum
1010 2962 1042 3024 et
1066 2978 1158 3042 saepe
1181 2961 1377 3022 mortemer

200 3061 260 3130 hoc
291 3080 366 3125 casu
394 3060 551 3127 matribus
580 3059 715 3129 illatam.
763 3063 896 3150 ideoque
924 3046 1066 3150 ⁸impium
1098 3084 1164 3133 esse
1188 3062 1376 3132 credidimus

201 3187 310 3236 casum
332 3166 502 3235 fortuitum
525 3168 559 3232 in
582 3170 650 3234 eius
674 3168 804 3236 admitti
825 3171 1071 3239 detrimentum:
1089 3171 1118 3234 si
1136 3170 1224 3234 enim
1242 3170 1376 3255 ingenua

198 3281 248 3341 ter
276 3272 330 3341 vel
357 3271 508 3340 libertina
539 3280 651 3358 quater
681 3295 744 3340 non
777 3280 916 3362 peperit,
948 3273 1113 3343 immerito
1135 3275 1377 3340 defraudabatur

198 3380 393 3446 successione
431 3399 561 3445 suorum
595 3379 787 3446 liberorum:
822 3383 899 3467 quid
935 3386 1022 3449 onim
1055 3384 1218 3470 peccavit,
1256 3384 1284 3446 si
1319 3402 1374 3446 non

198 3484 323 3574 plures,
348 3483 403 3549 sed
424 3505 541 3571 paucos
564 3485 742 3572 pepererit?
761 3493 794 3554 et
813 3489 960 3555 dedimus
978 3493 1029 3556 ius
1048 3489 1237 3577 legitimum
1248 3487 1373 3575 plenum

198 3591 355 3659 matribus
381 3593 449 3657 sive
480 3594 627 3682 ingenuis
651 3595 719 3660 sive
741 3593 913 3674 libertinis,
938 3597 1156 3661 eminenter
1179 3597 1288 3662 enixae
1311 3594 1370 3660 fue-

197 3700 263 3764 rint
292 3695 345 3762 vel
375 3702 501 3782 quater,
534 3699 589 3766 sed
620 3720 695 3765 eum
718 3705 846 3766 tantum
868 3701 922 3769 vel
943 3723 1032 3781 acm,
1056 3705 1113 3788 qui
1136 3723 1256 3787 quaeve
1279 3707 1372 3768 morte

196 3801 365 3887 intercepti
397 3809 489 3889 sumt,
521 3809 559 3870 ut
587 3810 620 3871 et
646 3809 691 3871 sie
714 3807 866 3874 vocentur
888 3811 921 3874 in
945 3809 1120 3876 liberorum
1143 3829 1275 3874 suorum
1297 3808 1370 3896 legi-

196 3910 314 3980 tinam
340 3912 579 3980 suemssionsm.
625 3909 689 3978 Sed
718 3933 792 3978 oum
824 3919 916 3980 antea
938 3919 1180 3985 constitutiones
1203 3918 1275 3982 iura
1295 3914 1385 4003 legi-s

195 4018 276 4082 tima
318 4023 550 4100 perscrutantes
582 4021 714 4124 partim·
735 4026 873 4086 matrem
908 4022 1118 4092 adiuvabant.
1154 4025 1273 4108 partim
1306 4041 1368 4087 san
