2890 4616
459 64 514 115 on
535 41 750 136 111155221,
775 48 876 126 222„
1199 47 1263 114 331

83 239 166 302 item
196 259 252 324 per
275 259 389 305 uxores
419 245 557 314 nostres,
590 261 665 306 cum
690 241 725 306 in
747 260 844 306 manu
866 245 974 306 nostre
997 235 1120 318 sint;¹)
1143 239 1288 329 itsqutes
1313 235 1378 301 186

87 345 117 406 si
144 342 268 429 [Gaiae]
288 343 419 430 Ti[ti]oc
433 346 469 430 ²),
488 343 572 410 filiae
592 366 697 428 meae,
714 365 799 429 quae
818 343 904 410 Titio
923 323 1024 430 nupta
1036 350 1100 422 est,
1113 346 1266 410 iniuriam
1330 329 1400 411 68Ιῷἑῖ)

85 449 226 545 fetetne,
249 471 312 516 non
335 450 438 516 solum
460 449 543 516 filiae
564 451 692 516 nomine
712 457 818 516 tecum
840 451 1095 538 egiiniurierum
1117 453 1121 536 Ι
1142 454 1321 537 potcst,e,s

7 552 68 638 22)
84 577 199 620 verum
222 560 319 625 ctiam
342 577 414 622 meo
438 577 561 642 quoque
584 567 616 622 ct
637 555 716 622 Titii
736 557 892 646 nomin[c]
938 555 1036 624 Servo
1049 567 1157 623 eutem
1168 558 1230 642 ipsi
1250 556 1256 639 Ι

82 661 203 744 quidem
217 661 241 747 3)
265 660 356 728 nulle
378 663 495 728 iniuria
517 663 718 750 intellegitur
741 661 827 738 fieri,
852 663 907 731 sed
929 663 1057 757 domino
1079 685 1135 748 per
1154 683 1228 727 eum
1249 661 1255 749 Ι
1274 685 1288 727 c

81 765 153 830 fieri
183 767 327 845 videtum
352 790 413 833 nou
437 775 545 837 temen
567 769 682 840 iisdem
706 768 824 845 modis,
850 770 965 854 quibus
987 772 1085 834 ctiam
1109 790 1165 854 per
1184 766 1288 832 libe-e

77 893 132 937 ros
154 875 159 957 Ι
179 879 302 938 nostros
324 874 377 938 vel
400 895 513 940 uxores
534 875 685 944 iniuriam
707 876 777 960 peti
798 875 962 952 videmur,
986 874 1041 939 sed
1066 877 1130 960 ite,
1155 895 1228 939 cum
1247 873 1253 956 Ι
1273 894 1286 938 '1

80 978 161 1063 quid
191 982 329 1046 atrocius
359 984 564 1047 commissum
594 980 707 1057 fuerit,
740 980 824 1065 quod
847 986 953 1066 aperte
977 980 1321 1072 [conhumleliamee

114 1251 143 1321 ¹⁶)
162 1267 243 1322 »pap
262 1251 378 1307 interior
396 1251 528 1325 facillime
547 1251 678 1323 legitur.'’

116 1343 145 1413 l)
163 1341 290 1396 EdItores
305 1345 409 1396 temere
426 1341 525 1396 Guium
540 1358 575 1396 ex
589 1342 658 1397 Iust.
673 1341 810 1412 corrigere
824 1341 982 1396 studentes:
999 1343 1133 1414 »quamvis
1142 1339 1170 1394 iu
1183 1355 1268 1396 menu

73 1435 173 1488 nostre
205 1452 256 1487 coc
282 1432 364 1488 sint'.
403 1432 506 1486 Gontre
528 1431 598 1486 mihi
623 1431 736 1502 quidem
763 1432 875 1487 videtur
901 1431 947 1488 hic
975 1432 1052 1487 locus
1079 1428 1272 1488 testimonium

73 1523 156 1578 nobis
172 1525 303 1593 praebere
319 1523 386 1578 iuris
401 1523 430 1578 in
444 1523 497 1584 hec
516 1540 545 1577 re
564 1523 676 1578 mutati.
705 1521 879 1592 Interpolete
891 1539 957 1578 vero
972 1525 1038 1581 suut
1053 1521 1137 1577 verbe
1156 1518 1271 1592 Ulpiani

73 1615 94 1666 ἱ.
123 1613 155 1678 1,
183 1613 247 1681 ξ4,
274 1612 362 1665 Μ.
389 1615 410 1668 t.
437 1614 498 1683 (47,
529 1614 590 1684 10):
620 1631 687 1684 »per
715 1612 784 1666 elias
811 1613 862 1682 (sc.
890 1629 1020 1682 personas
1046 1615 1120 1683 patri
1143 1611 1213 1679 fam.
1238 1609 1272 1664 fle

74 1701 191 1774 iniuria)
226 1719 290 1756 cum
323 1719 373 1772 per
399 1703 609 1772 consequentias
640 1704 673 1758 fit
704 1703 788 1774 ssepe:
818 1721 845 1772 p.
875 1719 949 1757 cons.
979 1702 1030 1774 [ei]
1061 1702 1117 1772 fit),
1147 1719 1210 1779 oum
1238 1699 1272 1753 fit

75 1792 173 1847 liberis
195 1792 264 1846 meis
283 1793 328 1847 vel
346 1785 432 1848 ¹servis
450 1794 518 1848 meis
539 1795 583 1848 vel
602 1793 681 1848 uxori
700 1791 831 1846 nuruive:
848 1794 958 1862 spectet
967 1792 1041 1846 enim
1049 1791 1087 1846 ui
1096 1788 1270 1855 meinimis,

75 1899 151 1954 quue
170 1882 200 1936 iu
218 1882 262 1936 his
279 1883 327 1948 fit,
346 1883 396 1953 qui
413 1887 453 1938 vel
468 1887 591 1954 potestati
608 1895 711 1939 costae
729 1925 900 1938 -..........
916 1882 961 1939 vel
986 1882 1134 1953 affectem)
1153 1878 1272 1936 subiect·

76 1973 165 2028 sint”.
184 1972 298 2043 Ulpiani
317 1973 385 2028 fuit:
407 1976 463 2029 »vel
481 1973 599 2030 manui'’.
624 1977 630 1992 ⁸
794 2043 796 2050 Ι
1114 2039 1117 2048 ι
1176 2033 1178 2040 ,

117 2063 146 2133 2)
166 2061 211 2116 O.:
235 2062 347 2118 celtice.
385 2064 494 2119 Nomen
521 2064 662 2119 Bomeuee
686 2063 778 2134 gentis
798 2066 841 2120 est
858 2063 974 2119 Bcltiue.
1011 2064 1053 2118 Dc
1073 2080 1104 2117 eo
1122 2061 1209 2133 igitur
1227 2077 1272 2114 co·

75 2151 169 2223 gitare
193 2168 354 2222 possumus,
379 2155 456 2221 (nem
480 2173 497 2232 c
517 2170 553 2207 en
572 2157 586 2207 t
605 2139 812 2224 legendum'sit
831 2170 939 2225 semper
957 2155 1069 2209 lectoris
1089 2155 1133 2207 est
1152 2146 1272 2221 arbitrii)
1344 2182 1346 2185 -

77 2241 246 2297 conicientes
265 2243 301 2296 ad
319 2243 392 2297 hunc
410 2246 522 2314 gentem
542 2242 642 2298 Gaium
660 2247 787 2298 nostrum
807 2245 983 2314 pertinuisse.
1013 2245 1066 2300 Sed
1082 2241 1165 2298 nimis
1174 2241 1270 2294 obsur-

80 2332 151 2386 dum
173 2335 259 2399 esset,
280 2351 361 2388 suum
380 2335 466 2404 ipsius
485 2350 586 2390 nomen
606 2333 629 2388 si
648 2334 836 2390 coniunxisset
855 2335 939 2390 Gaius
959 2353 1022 2390 cum
1042 2333 1153 2392 nomine
1172 2330 1273 2389 fictitio

77 2421 199 2477 »Tition
236 2421 280 2476 An
303 2425 386 2494 putes
412 2424 570 2504 Ciceronem
595 2423 718 2494 potuisse
738 2425 862 2480 ‘scribere
888 2426 1013 2491 ›Tullia‚
1039 2425 1098 2482 filis
1120 2439 1183 2478 mee
1201 2437 1273 2491 quae

75 2515 169 2582 nuptu
184 2515 227 2567 est
244 2544 278 2552 -
297 2513 427 2569 Maesio?
445 2514 590 2569 Fictitium
609 2531 673 2569 vcro
692 2531 791 2569 nomen
811 2516 903 2570 Beltie
918 2533 974 2570 non
993 2518 1044 2570 est.
1074 2509 1272 2568 lamentemsi

75 2604 155 2657 reete
181 2603 346 2669 statuimus,
372 2595 456 2659 uerba
480 2604 544 2669 ille,
568 2609 649 2659 icum
672 2604 702 2657 in
727 2609 812 2659 mauu
835 2609 931 2660 nostra
955 2605 1029 2660 sint*
1055 2585 1191 2658 mutanda
1217 2618 1272 2656 non

76 2707 154 2758 csse,
174 2692 361 2748 desideremus
380 2693 408 2748 iu
429 2695 556 2765 exemplo
575 2693 662 2749 elleto
681 2694 814 2750 indicium
834 2695 863 2748 in
879 2710 993 2750 menum
1008 2691 1207 2750 conventionis.
1235 2691 1273 2745 Et

77 2785 222 2854 enepotius
247 2783 379 2838 feminum
404 2801 543 2854 quemque
567 2801 639 2854 quse
664 2786 695 2838 in
719 2801 833 2845 menum
862 2785 1005 2852 contenit,
1029 2789 1057 2840 ic
1075 2786 1186 2839 comicis
1205 2799 1272 2836 eom-

78 2877 225 2928 munionem
242 2893 299 2930 cnm
313 2877 408 2930 marito
425 2878 569 2930 convenisse
585 2874 653 2930 setis
667 2848 817 2930 verisiulile
834 2878 885 2931 est.
915 2877 1074 2945 Numquae
1090 2875 1190 2933 merito
1199 2873 1274 2928 filiae
1302 2855 1304 2860 ¹

81 2965 144 3022 loco
164 2967 206 3020 est
226 2971 256 3022 et
275 2963 305 3018 iu
324 2965 383 3020 eius
401 2968 515 3036 gentem
535 2968 648 3036 recepte
659 2968 726 3031 est,
741 2965 798 3020 iem
810 2983 866 3024 nou
876 2967 971 3038 potuit
981 2967 1105 3038 ›prime''
1117 2962 1273 3020 ›secundu”

78 3058 135 3109 etc.
154 3055 306 3126 appellari,
325 3073 379 3124 quo
400 3055 510 3110 nominc
529 3055 559 3108 in
577 3055 666 3126 patris
686 3055 768 3112 domo
787 3056 952 3122 vocabatur,
973 3059 1004 3112 et
1021 3057 1069 3112 rix
1087 3055 1147 3111 fieri
1165 3052 1273 3125 potnit,

76 3147 112 3200 ut
137 3145 268 3202 retineret
291 3162 391 3203 nomen
417 3145 509 3217 gentis
531 3146 633 3217 petris,
660 3145 696 3201 ed
715 3163 800 3215 quem
818 3146 874 3200 iem
894 3164 950 3201 non
969 3148 1131 3218 pertineret.
1152 3138 1273 3198 ›Geiee''

77 3237 173 3289 sutem
199 3252 367 3306 praenomen
393 3235 419 3290 ei
444 3235 529 3290 etiem
556 3233 622 3288 eddi
648 3235 732 3290 moris
758 3235 842 3290 fuisse
863 3235 993 3292 discimus
1013 3241 1094 3292 etex
1113 3232 1273 3291 testimonio

77 3325 110 3390 Q.
132 3324 295 3390 Scaevolae,
315 3323 390 3394 quod
410 3341 444 3380 ex
463 3325 587 3380 Varrone
606 3325 735 3380 Valerius
753 3325 827 3380 Mox.
845 3327 916 3396 (sive
933 3327 995 3396 quis
1010 3324 1273 3394 eliusfuoritepito-

77 3417 182 3486 mator)
198 3415 250 3471 »de
267 3415 515 3471 Praenominibus”
532 3415 684 3486 excerpsit:
702 3419 812 3488 »puellis
830 3437 882 3472 non
901 3429 961 3473 onte
977 3435 1055 3490 quem
1065 3419 1188 3471 nuberent
1192 3431 1272 3485 prce·

76 3508 184 3560 nomina
198 3508 298 3577 imponi
312 3509 390 3560 moris
403 3506 508 3576 fcisse''
528 3509 558 3562 et
575 3507 667 3562 verbis
683 3505 791 3562 ultimis
806 3507 889 3562 huius
906 3507 1008 3564 libelli:
1026 3507 1182 3564 »Caecum
1205 3503 1273 3559 Uala

76 3615 127 3650 usu
150 3613 248 3668 semper
267 3599 354 3650 omnic
373 3597 457 3668 (lege:
478 3597 615 3667 omnium)
635 3599 762 3652 celebrata
780 3607 818 3652 est
828 3637 911 3651 .....
932 3600 988 3654 ideo
1008 3600 1154 3654 institutum
1170 3612 1224 3652 esse
1243 3603 1272 3648 ut

76 3705 159 3742 novae
183 3698 279 3758 neptae
307 3697 367 3742 cntc
395 3691 502 3742 ianuam
531 3690 621 3742 martti
644 3689 832 3758 intempeste,
853 3706 981 3760 maenam
1001 3697 1155 3743 vocarentur
1179 3685 1273 3740 Ouium

76 3796 131 3832 esse
159 3795 186 3832 se
211 3778 326 3832 dicerent
354 3777 395 3848 0„
411 3779 499 3833 Titii.''
524 3778 577 3850 (ita
595 3778 638 3832 ed.
658 3776 796 3847 Lemaire)
817 3777 870 3847 (ef.
888 3778 1035 3833 Plutarchi
1053 3778 1165 3844 Queeet.
1185 3777 1265 3832 Rom.

77 3867 145 3937 Cap.
164 3867 263 3938 XXX.)
289 3867 388 3937 Itaque
408 3868 495 3924 stetui
514 3867 614 3923 Gaium
635 3868 788 3939 scripsisse:
809 3885 884 3943 »pce
903 3872 954 3940 (:
966 3867 1173 3940 Geiee)litiae.
1201 3868 1272 3923 Cum
1348 3927 1349 3938 χ

75 3959 173 4014 sutem
192 3955 254 4026 quis
272 3956 373 4014 tubam
388 3959 509 4030 glossam
525 3958 717 4029 adscripsissct
732 3957 813 4014 ›vel''
830 3961 925 4014 noster
940 3959 1022 4026 iecit,
1032 3958 1174 4032 quodicte
1184 3959 1269 4028 solet,
1298 4005 1302 4012 .

75 4049 110 4104 ut
129 4047 274 4103 omitteret
291 4048 425 4119 genuine,
444 4049 579 4120 reciperet
596 4051 732 4122 glossam:
753 4048 834 4107 iude:
854 4051 900 4106 uel
919 4050 984 4110 tice.

113 4139 143 4208 3)
163 4136 244 4200 Coni.
264 4137 298 4192 de
318 4137 370 4193 hoc
390 4141 423 4210 §⁰
443 4140 563 4196 Praefat.
583 4159 610 4214 p.
630 4139 711 4207 VIII,
732 4157 772 4212 sq.
