2894 4616
219 43 286 114 400
505 65 587 116 ruer.
611 47 671 136 IV,
695 67 749 117 vn.
774 53 793 138 ξ
816 47 846 115 8.
872 67 941 118 vm.
964 51 1000 136 §§
1025 47 1123 116 1-5.

216 241 320 306 morte
342 241 482 326 parentis
506 239 559 306 vel
580 241 830 325 emancipatione
854 261 929 307 suae
951 244 1116 327 potestatis
1136 261 1204 306 esse
1223 241 1386 324 coeperint,

216 368 326 433 quam·
355 347 505 414 adversus
544 350 668 431 patrem
703 367 858 433 avumve,
894 350 962 414 sive
996 348 1111 414 habeat
1146 367 1199 412 eos
1232 346 1332 411 adhuc
1362 349 1389 410 in

216 457 373 539 potestate
396 454 464 519 sive
488 454 746 538 emancipaverit.
789 473 869 538 quas
892 453 963 520 ideo
986 457 1114 520 senatus
1137 455 1391 540 prospexit,quia

217 580 308 645 saepe
351 561 472 626 onerati
515 579 585 624 aare
629 558 732 625 alieno
767 559 959 626 creditarum
994 564 1218 646 pecuniarum,
1257 581 1335 646 quas
1366 563 1392 624 in

217 665 381 731 luxuriam
415 665 658 743 consumebant,
691 667 778 730 vitae
808 666 989 751 parentium
1019 667 1264 733 insidiabantur.
1316 666 1413 731 llluds

215 774 249 837 in
284 791 412 839 summa
447 770 638 838 admonendi
672 789 784 836 sumus
814 770 868 855 id,
900 771 984 856 quod
1006 774 1097 838 iussu
1117 775 1217 860 patris
1241 773 1393 840 dominive

216 881 414 944 contractum
445 877 541 944 fuerit
571 877 717 962 quodque
747 879 783 941 in
806 898 875 942 rem
899 880 969 942 eius
992 898 1122 944 versum
1144 880 1259 956 fuerit,
1285 879 1394 944 directo

215 1003 338 1069 quoque
366 1003 457 1068 posse
488 1004 508 1049 a
536 987 625 1069 patra
650 983 819 1051 dominove
842 984 982 1060 cundici,
1007 989 1172 1070 tamquam
1197 987 1225 1050 si
1249 987 1396 1070 principa·

215 1089 290 1156 liter
324 1111 399 1156 cum
434 1092 504 1176 ipso
533 1092 702 1177 negotium
737 1094 867 1178 gestum
902 1097 992 1158 osset
1040 1093 1071 1158 si
1098 1111 1242 1176 quoque,
1275 1094 1334 1176 qui
1354 1092 1396 1156 rel

216 1198 402 1264 exercitoria
431 1195 485 1264 vol
514 1196 674 1263 institoria
703 1199 827 1264 actione
859 1201 1002 1276 tenetur,
1027 1198 1145 1264 directo
1167 1218 1261 1282 posse
1284 1199 1397 1262 condiet

122 1385 127 1394 .
215 1303 337 1388 placet,
361 1304 437 1391 qnia
459 1302 557 1370 huius
580 1323 705 1394 quoqne
728 1305 818 1376 iussu
842 1309 1040 1376 contractum
1062 1303 1276 1394 intellegitur.

767 1510 853 1581 vni.

541 1717 591 1776 on
606 1681 828 1798 ⁸notrannus
849 1715 1086 1778 lomorussus

265 1891 322 1964 Ex
354 1894 538 1966 maleficiis
573 1922 772 1985 servorum,
809 1896 916 1967 veluti
950 1897 980 1967 si
1013 1896 1142 1966 tirrtum
1174 1894 1332 1968 fecerint
1355 1909 1402 1966 aut

218 2005 313 2078 bona
346 2009 526 2105 rapuerint
557 2021 617 2082 ant
645 2009 811 2080 damnum
838 2008 1003 2080 dederint
1026 2019 1086 2078 aut
1114 2009 1281 2080 iniuriam
1312 2035 1402 2078 ccm-

216 2119 394 2214 miserint‚
425 2120 571 2194 noxales
602 2124 760 2195 actiones
792 2119 952 2221 proditae
978 2133 1077 2211 sunt,
1104 2121 1233 2218 quibus
1260 2121 1401 2194 domino

215 2238 365 2312 damnato
401 2235 615 2331 permittitur
653 2246 714 2307 aut
744 2235 816 2306 litis
850 2236 1130 2308 aestimationem
1163 2236 1315 2306 sufferre
1353 2251 1403 2308 aut

215 2344 395 2417 hominem
423 2373 534 2419 noxae
560 2345 700 2421 dedere.
726 2358 818 2424 Nora
840 2364 948 2424 autem
972 2362 1021 2424 est
1038 2378 1151 2442 corpus
1170 2358 1256 2440 quod
1275 2363 1399 2442 nocuit,

216 2461 250 2526 id
275 2467 322 2528 est
345 2481 472 2530 servus:
497 2465 592 2531 noxia
614 2466 721 2548 ipsum
745 2463 957 2538 maleficium,
981 2463 1086 2530 veluti
1105 2463 1229 2531 furtum
1251 2463 1402 2528 damnum

215 2567 325 2652 rapina
359 2571 487 2634 iniuria.
533 2569 666 2636 Summa
700 2576 809 2636 autem
843 2573 966 2638 ratione
998 2571 1190 2655 permissum
1222 2575 1271 2634 est
1306 2591 1422 2635 norece

217 2680 376 2758 deditione
411 2683 560 2770 defungi:
595 2700 746 2773 namque
782 2685 858 2746 erat
880 2669 1040 2772 iniquum
1066 2674 1258 2771 nequitiam
1287 2699 1403 2744 eorum

214 2783 306 2856 ultra
331 2788 487 2883 ipsorum
513 2813 665 2883 corpora
690 2785 844 2858 dominis
875 2786 1082 2858 damnosam
1108 2811 1197 2857 esse.
1245 2792 1421 2859 Dominusr

215 2899 323 2964 noxali
344 2901 473 2968 ‚indicio
497 2905 580 2968 servi
603 2904 653 2967 sui
675 2904 805 2968 nomine
830 2906 1004 2969 conventus
1028 2922 1156 2967 servum
1181 2903 1282 2965 actori
1308 2923 1401 2968 noxae

216 3005 355 3072 dedendo
387 3007 548 3074 liberatur.
604 3029 661 3074 neo
697 3012 804 3074 minus
838 3013 1030 3094 perpetuum
1064 3008 1132 3072 eius
1168 3008 1355 3072 dominium
1386 3030 1400 3073 a

216 3111 345 3177 domino
377 3115 581 3180 transfertur:
613 3116 641 3178 si
673 3120 782 3180 autern
815 3115 970 3179 damnum
1001 3116 1032 3178 ei
1055 3116 1108 3178 oui
1131 3113 1260 3178 deditus
1285 3119 1337 3178 est
1359 3137 1398 3178 re

215 3219 357 3302 sarcierit
388 3224 530 3304 quaesita
559 3201 719 3308 pecnnia.¹
742 3223 862 3288 auxilio
885 3221 1038 3306 praetoris
1056 3223 1159 3286 invito
1184 3219 1319 3286 domino
1341 3243 1398 3286 ma-

213 3331 415 3397 numittetur.
463 3324 556 3397 Sunt
587 3337 702 3398 autem
737 3328 947 3398 constitutae
979 3325 1124 3396 noxales
1156 3325 1322 3396 actiones
1347 3337 1420 3396 autc

212 3434 353 3534 legibus
391 3449 451 3508 ant
489 3437 606 3510 edicto
643 3441 833 3536 praetoris:
875 3435 1014 3535 legibus
1057 3436 1166 3508 veluti
1203 3437 1291 3507 furti
1329 3439 1398 3536 lege

211 3547 398 3622 duodecim
424 3550 643 3644 tabularum,
668 3551 789 3622 damni
814 3552 961 3622 iniuriae
986 3550 1066 3647 lege
1093 3549 1260 3647 Aquilia:
1290 3550 1397 3622 edicto

210 3666 383 3760 praetoris
409 3664 516 3735 veluti
539 3667 743 3737 iniuriarum
770 3675 804 3736 et
835 3665 868 3733 vi
892 3663 1063 3735 bonorum
1088 3673 1285 3759 raptorum.
1314 3665 1417 3738 Ona-s

213 3777 268 3847 nis
297 3787 414 3849 autem
449 3778 582 3849 noxalis
615 3780 709 3850 actio
740 3788 846 3876 caput
879 3778 1050 3875 sequitur.
1101 3799 1184 3846 nam
1219 3778 1250 3848 si
1284 3804 1396 3850 servus

210 3899 290 3963 tuus
327 3891 469 3960 noxiam
508 3892 742 3984 commiserit,
772 3889 941 3989 quamdiu
973 3891 1012 3958 in
1046 3900 1105 3960 tna
1139 3900 1316 3985 potestate
1340 3893 1395 3980 sit,

213 4010 330 4074 tecum
361 4013 415 4072 ost
439 4003 550 4075 aetio:
576 4006 606 4074 si
630 4004 667 4073 in
690 4003 833 4075 alterius
854 4013 1062 4100 potestatem
1084 4005 1392 4103 pervenerit‚cnm
