2894 4616
444 68 500 122 cn
521 51 864 142 malma—¹1³1·
958 107 963 118 ,
1188 56 1254 129 427

50 245 224 332 ven[r']erit
236 243 262 332 ¹)
297 248 517 331 persequatur,
550 249 688 315 obicitur
719 247 749 310 ci
777 249 936 333 exceptio,
968 251 1005 312 ut
1032 248 1079 314 ita
1112 243 1251 337 demum}
1277 273 1300 318 a

50 357 183 439 emptor
218 352 401 430 damnetur,
439 355 467 418 si
498 355 528 419 ei
555 375 605 421 res
636 374 733 440 quam
765 355 879 419 emerit
903 354 1021 419 tradita
1045 359 1093 439 est
1107 354 1150 441 ²);
1173 354 1178 442 )
1198 357 1253 422 sed
1276 380 1350 434 aare
1397 373 1401 384 '

51 462 82 524 si
107 460 143 524 iu
164 460 309 525 auctione
328 459 527 544 praedictum
548 466 611 539 est,
632 483 672 526 ne
692 465 765 526 ante
779 460 851 545 [rar]
875 460 880 546 )
901 461 1038 547 emptori
1055 461 1251 547 traderetur,
1275 485 1302 528 a

51 587 155 650 quam
183 567 211 630 si
234 567 374 652 pretium
398 567 545 645 solverit,
572 567 804 655 replicationem
817 565 876 631 tali
899 569 1097 654 argentarius
1122 568 1252 634 adiuva·
1321 567 1387 635 232

51 679 128 738 tur:
163 678 240 751 „aut
271 675 299 738 si
321 674 521 758 praedictum
545 679 608 752 est,
634 695 673 739 ne
697 673 802 750 alitter
826 675 962 757 emptori
985 694 1034 738 res
1055 673 1249 752 traderetur,
1273 697 1286 740 s
1314 661 1385 740 82⁶³)

19 776 38 865 l)
55 799 158 864 quam
178 780 205 844 si
225 781 365 865 pretium
386 783 510 865 emptor
528 769 704 854 sollverit”.
735 779 901 844 Interdum
920 783 1029 843 autem
1043 781 1166 857 evenit,
1179 781 1249 861 ut³l
1273 803 1286 846 a

51 884 238 970 replicatio,
266 907 346 971 quae
368 888 473 971 prima
493 887 498 970 )
519 887 599 965 ¹facie
621 889 706 952 iusta
729 888 787 964 ait,
812 888 921 972 inique
945 905 997 951 reo
1020 891 1149 972 noceat3
1169 887 1253 972 quod
1276 910 1290 952 r

49 1013 130 1057 cum
161 992 301 1070 accidat,
334 984 521 1058 adiectilone
552 1013 631 1077 opus
660 998 727 1077 est,
761 992 934 1059 adiuvandi
956 995 1002 1057 rei
1025 995 1147 1080 gratia,
1173 1013 1289 1078 quaes

19 1099 35 1184 4)
51 1097 233 1184 duplicatio
264 1099 425 1189 volcatnr3
451 1103 482 1162 st
506 1098 572 1183 si⁴)
599 1120 636 1164 aa
659 1101 762 1185 prima
784 1099 865 1162 facie
888 1099 974 1163 iusta
998 1099 1161 1177 rideatur,
1187 1096 1250 1187 sedi
1275 1121 1289 1164 a

49 1209 185 1291 propter
208 1203 350 1288 aliquam
375 1224 502 1269 causam
527 1196 635 1290 inique
655 1207 754 1270 actori
774 1209 885 1270 noceat
904 1226 1013 1270 rursus
1025 1207 1050 1289 ⁵)
1066 1200 1249 1288 adiectione(
1276 1229 1288 1272 r

51 1331 137 1396 opus
160 1315 224 1388 est,
252 1315 423 1395 quaestor
446 1311 630 1388 adiuvetur,
653 1333 733 1397 quae
757 1313 875 1376 dicitur
899 1301 1248 1397 triplicat103quaruml
1274 1334 1287 1377 e

19 1418 37 1502 ³)
53 1419 205 1482 omnium
224 1417 438 1482 adiectionem
458 1439 554 1483 usum
574 1401 734 1484 interdum
756 1421 853 1485 etiam
871 1417 1007 1482 ulterius
1028 1419 1033 1496 Ι
1053 1438 1150 1503 quam
1170 1418 1251 1481 dixi·
1274 1438 1297 1495 e,
1312 1439 1337 1483 ro

50 1545 132 1589 mus
154 1527 289 1590 varietas
311 1528 513 1612 negotiorum
537 1527 724 1591 introduxit.
745 1528 750 1610 )

19 1637 38 1711 l)
104 1629 276 1696 Videamus
297 1633 393 1696 etiam
415 1633 452 1696 de
472 1633 788 1718 praescriptionibus,
809 1653 889 1717 quae
908 1635 1051 1716 receptae
1072 1634 1146 1695 sunt
1166 1631 1171 1714 )
1192 1651 1247 1716 pro
1273 1652 1307 1714 a,
1321 1652 1346 1696 re

19 1737 37 1826 )
55 1742 175 1802 actore.
222 1736 322 1824 Saepe
342 1739 432 1803 'enim
456 1760 494 1804 ex
517 1759 580 1803 una
604 1739 776 1824 eademque
799 1738 993 1825 obligatione
1014 1738 1019 1822 )
1040 1736 1162 1821 aliquid
1182 1738 1250 1803 iam
1274 1758 1299 1801 a

51 1845 211 1930 praestari
235 1849 374 1930 oportet,
400 1844 522 1929 aliquid
544 1847 578 1909 in
602 1845 710 1927 futura
732 1840 950 1930 praestatilone
974 1848 1040 1919 est;
1063 1843 1153 1910 velut
1173 1865 1247 1909 cum
1272 1867 1297 1910 a

53 1953 94 2014 in
118 1950 261 2038 singulos
285 1973 380 2016 annos
404 1951 456 2018 vel
480 1973 603 2017 menses
627 1956 744 2017 certam
767 1953 772 2036 )
793 1953 962 2036 pecuniam
986 1949 1132 2035 stipulati
1156 1950 1250 2015 fueri·
1275 1973 1299 2017 ra

54 2077 148 2133 mus3
175 2079 250 2123 nam
273 2057 372 2124 finitis
395 2059 586 2144 quibusdam
608 2061 613 2144 Ι
634 2061 723 2124 annis
746 2063 802 2124 ant
819 2058 982 2123 mensibus
1001 2056 1097 2120 huius
1118 2056 1248 2141 quidem
1273 2078 1298 2122 ra

54 2165 211 2249 temporis
230 2167 409 2258 pecunilam
428 2168 582 2250 praestari
601 2169 741 2251 oportet,
764 2165 946 2229 futurorum
966 2166 1075 2226 autem
1097 2183 1250 2227 annorum
1276 2186 1299 2229 tr

56 2291 136 2335 sane
170 2271 300 2356 quidem
334 2271 496 2360 obbligatio
529 2277 690 2338 contracta
724 2271 941 2358 intellegitur,
974 2271 1144 2354 praestatio
1175 2290 1249 2335 vero
1274 2291 1299 2335 ra

54 2381 162 2446 adhuc
191 2377 292 2456 nuilla
324 2382 380 2443 est.
429 2379 463 2443 Si
494 2399 570 2466 ergo
601 2380 737 2444 velimus
760 2378 794 2442 id
818 2378 965 2462 quidem,
990 2377 1249 2461 quodpraestari
1272 2397 1298 2442 ra

54 2492 197 2575 oportet,
221 2491 327 2571 petere
351 2491 383 2550 et
403 2487 408 2570 )
429 2487 462 2549 in
486 2485 643 2550 iudicium
668 2485 838 2562 deducere,
862 2487 1005 2551 futuram
1029 2506 1103 2552 vero
1127 2485 1249 2571 obliga·
1272 2506 1298 2548 ao

52 2595 165 2674 ticinis
186 2595 433 2678 praestationem
454 2594 488 2656 in
508 2593 633 2680 integro
653 2593 846 2677 relinquere,
865 2613 990 2659 necesse
1011 2595 1016 2676 )
1037 2597 1104 2668 est,
1123 2597 1161 2656 ut
1173 2612 1247 2656 cum
1271 2612 1307 2667 ar,
1320 2613 1346 2656 aa

54 2703 118 2767 hac
136 2701 380 2785 praescriptione
400 2717 550 2786 agamus:
573 2720 630 2778 „ea
650 2721 699 2765 res
718 2705 847 2787 agatur,
862 2694 1026 2784 cuiuslrei
1038 2699 1248 2784 diesfuit”;⁰)
1271 2719 1298 2763 sa

101 2883 129 2948 1)
149 2880 187 2934 Or
208 2881 366 2935 auctionem
386 2882 502 2936 venerit.
532 2883 571 2937 Ut
590 2899 639 2937 nos
655 2881 712 2936 iam
732 2880 857 2936 Gbsohen
879 2880 975 2936 edidit.

98 2973 128 3044 2)
149 2971 185 3040 (ei
204 2988 219 3026 e
238 2973 314 3027 iusta
332 2972 472 3045 exceptio)
493 2973 522 3027 0.
543 2973 628 3028 Cuius
646 2974 755 3044 glossae
775 2988 830 3027 non
851 2971 949 3026 dubito
969 2970 1037 3040 quin
1056 2969 1178 3040 primum
1199 2987 1245 3024 vo·

58 3079 192 3136 cabulum
211 3079 297 3134 fuerit
315 3097 346 3132 aa
366 3083 426 3148 (pro
447 3083 471 3133 ei
488 3080 534 3134 vel
553 3090 577 3133 st
595 3096 665 3148 quas
683 3078 793 3132 litteras
812 3077 852 3132 St.
871 3077 1033 3132 dubitanter
1049 3075 1154 3146 dedit),
1171 3075 1245 3144 quod

57 3171 186 3239 sequitur
204 3172 272 3224 nota
292 3175 310 3224 e
318 3176 418 3226 :est
1094 3189 1096 3196 ·

97 3263 125 3330 *)
146 3259 270 3330 »Pagina
288 3259 404 3314 interior
423 3258 554 3313 facillime
574 3258 705 3330 legitar”.

97 3351 125 3420 3)
144 3352 262 3422 (rursus)
289 3350 318 3405 O.
344 3350 433 3414 Vetus
459 3349 748 3420 interpretatiuncula.
768 3347 836 3402 Inde
856 3347 940 3403 lust:
962 3348 1084 3402 »Rursus
1103 3347 1245 3402 interdum

57 3441 154 3496 evenit
173 3441 231 3495 ut”.

94 3532 124 3602 4)
144 3530 179 3602 (si
197 3534 304 3600 rursus)
325 3530 355 3586 G.

96 3622 125 3692 5)
144 3623 202 3692 (ex)
223 3622 253 3677 O.
272 3622 392 3678 Videtur
411 3622 500 3676 scriba
519 3621 651 3676 voluisse:
672 3619 879 3689 »exceptione”.

97 3714 126 3784 6)
145 3713 217 3768 Cave
237 3713 332 3768 credas
352 3714 437 3768 etiam
455 3714 485 3766 in
505 3713 566 3781 ipsa
585 3715 685 3766 actio-rte
702 3710 787 3766 verba
805 3710 856 3763 illa
873 3724 924 3762 »aa
940 3724 983 3763 res
1000 3707 1117 3778 agatur”
1134 3709 1245 3762 retenta

55 3821 126 3860 esse.
172 3803 244 3860 Sunt
278 3805 348 3860 haec
382 3804 468 3859 verba
502 3805 595 3858 sumta
629 3819 663 3857 ex
692 3801 784 3856 edicto
812 3798 963 3871 praetoris,
992 3797 1093 3868 quibus
1129 3800 1240 3867 praetor·

55 3894 216 3966 praecepit,
242 3906 271 3949 at
296 3894 481 3950 describeretur
500 3905 553 3948 tota
572 3912 613 3948 res
633 3903 693 3948 acta
712 3895 778 3947 irater
793 3902 899 3963 partes,
922 3891 1150 3954 demonstratione,
1170 3891 1242 3943 caios

54 3987 86 4041 ia
109 3987 159 4048 fiae
178 3987 355 4040 adiciebantur
373 3988 450 4040 caba
471 3986 561 4038 »caius
579 3983 620 4038 rei
638 3986 691 4038 dies
709 3983 790 4051 sait'.
816 3979 894 4036 Idem
910 3980 987 4036 ralot
1002 3979 1035 4034 de
1053 3979 1169 4036 caeteris
1188 3980 1240 4036 Gai

55 4074 202 4146 exemplis.
222 4074 263 4152 Cf.
284 4077 300 4145 ξ
323 4075 384 4130 136.
