2934 4608
190 87 258 154 116
576 104 661 155 rusr.
684 87 817 156 II.·x1v.
840 86 987 174 §qt-9.

189 277 321 344 heredes
344 276 446 342 facore
467 275 552 344 lieet.
587 276 758 376 Heroditss
780 273 968 362 plerumque
988 277 1378 345 dividiturinduodeeima

187 383 316 457 uncias,
350 389 442 467 quae'
458 384 536 448 assis
567 381 779 468 appellatione
805 383 1016 450 continentur.
1061 383 1180 449 habent
1203 388 1357 450 autemst

186 487 248 554 hae
276 491 382 572 partes
412 490 539 572 proprio
567 489 698 554 nomina
720 486 761 551 ab
783 489 877 552 uncia
898 489 1059 573 usquead
1080 509 1201 568 assem,
1226 495 1264 554 nt
1286 495 1357 575 puta

58 591 66 606 ⁸
186 591 284 658 haec:
315 597 459 670 sextans,
493 593 667 678 quadrans,
699 593 816 668 triens,
851 594 1030 678 quincunx,
1065 597 1180 670 semis,
1215 600 1358 680 septunx,

184 697 258 782 bes,
282 697 434 776 dodrans,
459 697 606 782 dextans,
629 697 752 774 deunx,
778 717 822 762 aa.
857 706 1048 765 nouantem
1068 701 1180 784 utique
1199 699 1359 764 duodecim
1436 727 1437 774 r

126 811 128 814 ’
187 806 297 868 unciae
327 823 394 884 esse
416 808 549 888 oportet.
595 823 672 870 nam
693 806 743 866 tot
764 803 876 868 unciae
900 823 1003 870 assem
1026 803 1182 881 efficiunt,
1208 813 1287 888 quot
1307 808 1362 867 tes
1436 789 1437 826 ³

188 910 274 974 tator
296 905 452 984 voluerit,
477 913 509 974 et
531 909 559 973 si
580 929 680 974 unum
705 911 833 974 tantum
857 911 929 994 quis
952 930 991 975 ex
1008 913 1139 976 semisse
1155 909 1247 975 verbi
1266 910 1364 995 gratio
1436 969 1437 1002 ,

187 1015 337 1083 heredem
367 1015 545 1100 scripserit,
574 1017 661 1078 totus
685 1033 718 1078 as
740 1015 774 1076 in
796 1016 924 1079 semisse
948 1017 1024 1080 erit:
1048 1035 1150 1100 neque
1173 1019 1259 1080 enim
1281 1015 1363 1080 idem
1436 1015 1437 1022 ’

189 1141 230 1186 ex
257 1127 349 1206 parte
375 1123 511 1185 testatus
542 1123 575 1183 et
605 1139 644 1183 ex
673 1121 763 1202 parte
793 1119 963 1184 intestatus
992 1119 1140 1187 decedere
1162 1125 1283 1206 potest,
1308 1122 1364 1184 nisi
1436 1157 1437 1214 4

189 1227 232 1291 sit
255 1225 365 1305 miles,
391 1227 481 1290 cuius
505 1222 572 1290 sola
594 1222 743 1290 voluntas
763 1225 796 1287 in
820 1223 966 1290 testando
988 1230 1155 1309 spectatur.
1204 1229 1237 1290 et
1260 1246 1278 1289 e
1298 1245 1364 1290 con-
1436 1239 1437 1246 ¹

188 1313 285 1396 trano
316 1333 421 1416 potest
450 1330 521 1414 quis
547 1331 582 1394 in
611 1333 882 1415 quantascumque
911 1328 1050 1397 voluerit
1080 1329 1236 1416 plurimas
1258 1331 1363 1394 uncias

187 1456 280 1502 auam
303 1436 514 1502 hereditatem
536 1433 688 1500 dividere.
735 1432 772 1500 Si
793 1433 900 1519 plures
923 1437 1149 1512 instituantur,
1172 1438 1220 1501 ita
1235 1435 1383 1500 demuma

185 1543 328 1626 partium
351 1540 535 1606 distributio
557 1541 730 1604 necessaria
753 1545 817 1623 est,
842 1542 870 1604 si
884 1539 967 1606 nolit
985 1545 1118 1606 testator
1137 1561 1188 1607 eos
1208 1562 1248 1606 ex
1260 1542 1364 1625 aequis

188 1646 335 1730 partibus
361 1645 492 1710 heredes
515 1661 598 1709 esse:
623 1646 700 1710 satis
723 1646 810 1709 enim
833 1648 957 1711 constat
976 1643 1075 1710 nullis
1098 1647 1242 1731 partibus
1265 1647 1364 1710 nomi·

188 1753 273 1816 natis
305 1751 414 1836 aequis
443 1771 482 1814 ox
512 1749 657 1834 partibus
680 1769 732 1816 eoa
755 1749 885 1816 heredes
909 1770 986 1815 esse.
1032 1752 1177 1836 partibus
1201 1755 1312 1816 autem
1333 1751 1365 1814 in

186 1854 386 1940 quorundam
416 1856 557 1940 personis
580 1858 750 1940 expressis,
775 1857 803 1920 ai
826 1857 897 1940 quis
921 1855 1003 1920 alius
1025 1857 1092 1922 sine
1114 1861 1205 1942 parte
1227 1860 1366 1922 nomina·

184 1963 238 2024 tus
266 1962 345 2044 erit,
376 1962 404 2025 si
434 1958 564 2045 quidem
588 1958 694 2044 aliqua
716 1981 789 2046 pars
813 1963 876 2026 assi
899 1960 1016 2037 deerit,
1041 1982 1140 2032 exea
1163 1967 1253 2048 parte
1275 1962 1364 2028 heres

183 2061 236 2128 fit:
268 2068 300 2129 et
323 2066 351 2128 si
370 2063 480 2149 plures
503 2065 571 2129 sine
593 2071 682 2149 parte
705 2067 816 2150 scripti
839 2071 928 2150 sunt,
953 2086 1063 2132 omnes
1084 2069 1119 2131 in
1141 2068 1254 2133 eadem
1274 2071 1363 2154 parte

184 2175 379 2235 concurrant.
427 2172 455 2236 si
483 2191 560 2236 vero
590 2175 678 2236 totus
708 2191 742 2236 as
772 2171 951 2256 completus
982 2174 1041 2244 sit.
1064 2175 1099 2236 in
1121 2178 1247 2258 partem
1271 2172 1364 2238 dimi-

182 2272 270 2339 diam
300 2279 434 2342 uocatur
465 2280 497 2341 et
518 2275 574 2342 ille
596 2276 650 2343 vel
671 2276 723 2342 illi
746 2298 856 2343 omnes
878 2279 913 2341 in
936 2276 1070 2344 alteram
1094 2278 1273 2346 dimidiam.
1311 2299 1366 2343 nec

182 2380 333 2457 interest,
363 2381 488 2466 primus
519 2401 559 2446 an
590 2382 717 2448 medius
748 2403 787 2446 an
810 2384 1003 2448 novissimus
1025 2385 1093 2448 sine
1115 2389 1205 2468 parte
1229 2385 1364 2468 scriptus

183 2485 242 2549 sit:
275 2506 312 2550 ea
342 2488 428 2551 enirn
460 2507 533 2571 pars
563 2487 637 2552 data
667 2485 885 2574 intellegitur,
918 2508 997 2572 quae
1020 2493 1124 2554 vacat.
1170 2487 1381 2570 Videamus,r

181 2591 211 2655 si
245 2611 318 2676 pars
353 2590 460 2677 aliqua
493 2596 586 2659 uacet
619 2612 677 2656 nec
710 2596 818 2657 tamen
854 2595 1022 2676 quisquam
1055 2593 1122 2657 sine
1152 2598 1243 2676 parte
1273 2592 1363 2657 heres

182 2695 352 2760 institutus
383 2699 442 2780 sit,
471 2697 548 2783 quid
577 2698 657 2761 iuris
688 2693 747 2760 sit?
788 2695 891 2763 veluti
923 2699 951 2761 si
973 2701 1037 2762 tres
1060 2717 1099 2761 ex
1122 2699 1243 2781 quartis
1265 2699 1360 2782 parti·

183 2797 244 2864 bus
265 2799 396 2865 heredes
414 2803 524 2885 scripti
543 2807 627 2867 sunt.
663 2805 695 2866 et
715 2809 835 2867 constat
847 2808 1013 2868 vacantem
1026 2807 1150 2887 partem
1163 2801 1301 2889 singulis
1312 2805 1360 2867 te·

182 2905 244 2968 cite
275 2924 333 2988 pro
355 2904 546 2990 hereditarie
568 2912 658 2990 parte
681 2907 826 2972 accedere
850 2912 882 2972 et
904 2907 1034 2993 perinde
1056 2906 1185 2983 haberi,
1210 2927 1247 2972 ac
1270 2910 1300 2972 si
1323 2930 1360 2974 ex

178 3009 282 3074 tertiis
310 3010 457 3094 partibus
483 3009 614 3076 heredes
636 3013 747 3096 scripti
769 3015 889 3076 essent:
916 3017 1010 3076 etex
1032 3011 1156 3078 diverso
1180 3012 1208 3075 si
1229 3010 1304 3097 plus
1326 3015 1359 3077 in

176 3114 377 3199 portionibus
408 3117 470 3191 ait,
501 3117 599 3182 tacito
629 3116 767 3204 singulis
792 3115 1064 3193 decrescerent,
1090 3117 1118 3180 si
1140 3117 1231 3182 verbi
1253 3119 1358 3204 gratia

174 3222 325 3304 quattuor
349 3241 389 3285 ex
413 3221 516 3286 tertiis
535 3221 680 3305 partibus
698 3220 829 3287 heredes
848 3223 958 3306 scripti
977 3223 1058 3299 sint,
1080 3221 1211 3306 perinde
1223 3220 1358 3287 habean-

174 3326 245 3401 tur,
278 3345 313 3390 ac
337 3327 365 3390 si
388 3327 604 3412 unusquisque
628 3347 667 3390 ex
687 3331 799 3411 quarta
821 3333 911 3411 parte
933 3328 1070 3412 scriptus
1091 3326 1213 3392 fuisset.
1260 3325 1304 3392 Et
1326 3328 1376 3394 sia

173 3426 282 3513 plures
315 3431 428 3497 unciae
463 3452 560 3517 qnam
591 3431 760 3498 duodecim
791 3431 981 3497 distributae
1012 3435 1104 3511 sunt,
1136 3433 1182 3510 is,
1208 3433 1355 3516 quisine

171 3538 263 3618 parte
297 3537 466 3606 restitutus
500 3542 566 3621 eat,
601 3535 685 3622 quod
719 3536 869 3621 dipondio
904 3536 991 3602 deest
1024 3535 1173 3603 habebit:
1203 3536 1354 3622 idemque

171 3641 247 3716 erit,
279 3641 308 3704 si
339 3640 507 3726 dipondius
535 3640 680 3726 expletus
710 3643 763 3708 sit.
810 3661 891 3726 quoe
922 3661 1031 3707 omnes
1055 3645 1162 3727 partes
1185 3641 1227 3708 ud
1250 3662 1352 3708 assem

169 3748 280 3828 postea
302 3751 507 3824 revocantur,
531 3748 678 3832 quamvis
702 3747 766 3811 sint
788 3746 932 3832 plurium
955 3748 1133 3813 unciarum.

224 3848 326 3916 Heres
355 3854 387 3916 et
415 3873 494 3938 pure
525 3857 557 3917 et
587 3853 646 3918 sub
677 3851 859 3918 condicione
889 3853 1017 3917 institui
1038 3856 1152 3937 potest.
1200 3871 1240 3917 ex
1262 3857 1370 3918 eertoo
1430 3869 1431 3872 ’

167 3958 311 4039 tempore
341 3961 397 4022 out
429 3955 469 4021 ad
499 3963 619 4022 certum
641 3947 773 4042 ¹tempus
795 3978 859 4023 non
880 3962 1003 4044 potest,
1025 3957 1130 4024 ‘ueluti
1153 3957 1236 4042 ‘post
1258 3957 1348 4043 qnin-

166 4063 339 4144 quennium
372 4082 469 4146 quom
496 4060 624 4128 moriar'
656 4059 708 4129 vel
739 4069 789 4128 ‘ex
820 4061 964 4130 kalendis
994 4061 1069 4130 illis'
1092 4066 1148 4142 aut
1173 4062 1345 4148 ‘usquead
