2934 4608
460 31 583 158 argu
609 32 847 117 §aranea
1172 31 1266 99 1052
1443 1 1451 120 ,ᾗ

15 223 58 311 64)
108 221 270 288 Extranais
303 221 471 288 heredibus
500 222 581 289 solet
615 225 712 289 aretio
743 223 830 306 dari,
862 222 897 287 id
927 228 975 288 est
1005 221 1076 288 finis
1108 213 1262 310 daliibes
1298 221 1340 290 96
1441 203 1451 298 'i

69 327 169 411 randi,
200 333 238 391 ut
265 330 351 395 intra
380 333 504 396 eertum
535 335 662 414 tempus
692 328 746 395 vel
777 329 891 394 adeant
911 331 916 413 Ι
936 325 1162 406 hereditatem,
1186 328 1263 394 vela
1306 314 1378 396 19“”*)

68 437 91 498 si
112 454 172 500 non
196 433 322 518 adeant,
348 437 500 518 temporis
523 433 584 500 fine
603 434 886 518 summoiveantur.
923 433 997 500 Ideo
1021 433 1130 500 autem
1141 437 1264 499 oratioe
1442 419 1451 526 Ι

67 539 252 625 appellatur,
272 542 512 632 auia'o‘ertnere
537 547 584 606 est
608 543 698 626 quasi
720 540 884 606 decernere
909 546 940 606 et
963 541 1165 606 constituere.
1250 564 1263 605 a
1450 527 1451 548 ³

15 644 56 726 tt)
107 642 190 710 (ium
220 666 295 732 ergo
316 647 320 732 Ι
341 648 386 711 ita
418 649 573 731 seriptum
596 649 655 711 sit:
680 645 782 712 Hares
805 645 910 711 Titius
933 651 1016 723 esto,
1043 647 1166 712 adioera
1190 646 1265 711 de-a

66 751 190 815 bemus:
224 753 426 836 „cernitoque
457 753 492 815 in
515 758 643 817 eentum
668 753 779 817 diebus
802 755 983 836 proxumis,
1007 753 1123 837 quibus
1149 749 1301 839 serietas

66 859 256 944 poterisque3
282 856 366 942 quod
390 859 425 921 ni
448 859 495 922 ita
518 860 671 936 creveris,
697 857 827 922 exheres
852 855 949 924 esto.”

15 959 55 1042 hd)
105 961 147 1024 Et
167 961 172 1047 Ι
194 963 248 1046 qni
273 963 319 1027 ita
340 962 431 1027 heres
452 965 621 1028 institutus
646 969 709 1041 est,
734 965 761 1028 si
785 963 866 1030 velit
889 963 979 1028 hares
1003 985 1086 1042 esse,
1112 963 1264 1029 debebita

64 1063 155 1149 inltra
181 1066 265 1131 diam
289 1069 437 1133 erationis
460 1090 599 1147 eernere,
623 1069 657 1134 id
680 1065 727 1134 e'st
748 1069 828 1134 haee
851 1069 948 1135 verba
972 1062 1103 1144 diioere:
1131 1070 1283 1154 „quadra
1298 1089 1322 1134 11

65 1193 111 1235 me
142 1171 259 1236 Titium
289 1163 425 1239 Publius
439 1171 465 1260 l)
489 1163 678 1242 testamento
704 1195 761 1240 suo
780 1175 929 1240 heredem
952 1175 1112 1252 instituit,
1138 1197 1210 1240 eam
1230 1177 1235 1260 Ι

65 1277 271 1342 hereditatem
291 1271 367 1345 adeo
388 1279 568 1366 remoque''.
616 1279 706 1362 Quod
730 1283 757 1345 si
780 1283 826 1348 ita
849 1300 912 1346 non
935 1282 1089 1358 creuerit,
1114 1278 1204 1345 finito
1225 1280 1232 1362 Ι
1251 1300 1277 1345 ra

67 1388 206 1467 tempore
236 1385 383 1455 erationis
415 1384 612 1462 excluditur,
630 1381 701 1450 'nee
732 1387 903 1471 quiequam
933 1383 1074 1470 proficit,
1096 1387 1101 1472 Ι
1122 1389 1150 1450 si
1180 1406 1237 1471 pro
1250 1407 1285 1463 ra,
1301 1406 1324 1450 n

1447 573 1451 606 t

1410 656 1412 660 “
1448 649 1451 696 i

1449 697 1451 778 i

1449 923 1451 962 i

64 1489 177 1554 herede
211 1494 317 1576 gerat,
353 1489 388 1555 id
419 1497 485 1566 est,
522 1493 549 1558 si
583 1492 677 1557 rebus
706 1491 906 1558 hereditariis
937 1496 1100 1576 tamquam
1121 1497 1126 1576 Ι
1146 1492 1236 1557 hares
1250 1515 1275 1557 ιε

63 1596 209 1678 utatur!

15 1697 53 1784 37)
104 1702 151 1764 At
173 1702 219 1776 is,
245 1701 299 1785 qui
322 1701 389 1766 sine
414 1705 551 1767 eratione
574 1703 665 1768 heres
687 1704 855 1768 institutus
878 1705 941 1778 sit,
966 1707 1022 1767 aut
1045 1704 1100 1787 qni
1124 1702 1163 1766 ab
1187 1704 1241 1794 in}
1254 1725 1279 1768 ra

65 1811 180 1870 testato
215 1803 363 1892 legitimo
398 1809 467 1872 iure
497 1809 537 1872 ad
567 1807 777 1872 hereditatem
805 1812 935 1873 voretur
948 1807 986 1894 ²),
1017 1812 1121 1894 potest
1152 1814 1208 1873 aut
1228 1811 1233 1896 Ι
1255 1831 1279 1875 u

64 1911 234 1988 cernendo,
267 1897 323 1976 aut
353 1933 409 1996 pro
442 1913 554 1978 herede
575 1913 731 2000 gerendo,
755 1911 806 1978 vel
830 1915 927 1978 etiam
952 1913 1049 2002 noida-
1072 1914 1324 2000 voluntatatem

63 2017 281 2102 suscipiendae
313 2017 515 2103 hereditatis,
546 2019 637 2084 heres
667 2016 751 2095 fieri,
783 2021 875 2104 eiquo
901 2012 1051 2100 lilberum
1075 2026 1141 2097 est,
1167 2041 1279 2106 quo-ao

66 2144 191 2209 onnque
214 2129 356 2208 tempore
376 2123 514 2189 voluerit
533 2125 618 2190 adire
636 2120 868 2211 hereditaitem.
903 2122 992 2191 Solet
1010 2128 1135 2209 [autam]
1156 2147 1279 2212 praa-n

61 2236 127 2306 tor,
154 2228 389 2314 postulantibus
408 2230 608 2296 hereditariis
628 2225 864 2318 ereiditoribns‚
885 2237 1012 2316 tempus
1032 2234 1241 2307 constituere,
1254 2253 1281 2299 aa

62 2337 150 2402 intra
177 2339 278 2422 quod,
305 2341 332 2405 si
356 2328 486 2423 vellint,
512 2337 625 2402 adeant
648 2336 875 2414 hereditatem,
898 2339 975 2420 si[a]
999 2339 1121 2413 minus,
1145 2344 1183 2403 ut
1205 2338 1281 2404 lisa

60 2449 131 2507 eeat
157 2443 366 2510 oreditoribus
386 2445 391 2528 Ι
412 2444 494 2509 bona
516 2442 657 2508 defuncti
680 2441 826 2507 vendere.
1254 2463 1281 2510 ss

16 2543 46 2632 8)
106 2551 153 2613 At
185 2550 290 2634 [aiant]
322 2551 350 2614 si
380 2552 436 2635 qui
451 2551 474 2633 3)
506 2570 582 2613 oum
605 2550 742 2613 eratione
755 2550 772 2630 ΙΙ
786 2547 876 2612 heres
898 2549 1068 2612 institutus
1092 2553 1157 2625 est,
1182 2551 1245 2613 nisi
1305 2547 1347 2615 97

61 2658 201 2720 ereverit
227 2655 454 2732 hereditatem,
478 2676 541 2720 non
564 2652 601 2718 fit
623 2654 728 2728 heres,
752 2655 799 2717 ita
819 2654 824 2738 Ι
844 2672 907 2717 non
930 2653 1024 2718 aliter
1046 2652 1270 2723 excluditur.s
1301 2639 1382 2723 t'**)

61 2782 161 2845 quam
191 2763 219 2826 si
240 2781 303 2827 non
327 2764 461 2828 ereverit
483 2762 567 2825 intra
587 2759 593 2844 Ι
613 2759 647 2824 id
670 2765 814 2844 tempus.
840 2778 901 2844 quo
926 2761 1023 2824 aretio
1047 2757 1136 2825 finita
1160 2761 1272 2848 si[t].a

60 2866 175 2952 Itaque
206 2867 283 2933 lieet
313 2872 385 2933 ante
416 2866 502 2931 diem
523 2868 528 2951 Ι
549 2868 695 2931 erationis
726 2866 926 2930 constitnerit
948 2864 1159 2931 hereditatem
1184 2887 1272 2934 nona

61 2972 171 3057 adire,
204 2978 313 3038 tamen
342 2973 548 3068 poelnitentia
579 2978 669 3036 aetus
676 3018 684 3050 ,
716 2975 884 3066 superante
915 2970 966 3037 die
991 2973 1158 3048 arationis.
1183 2993 1273 3038 aer-a

64 3070 184 3152 nenido
207 3078 297 3144 heres
320 3099 386 3144 esse
407 3083 521 3165 potest.
1261 3100 1275 3144 a

96 3539 124 3606 *)
149 3539 271 3611 »pagina
288 3539 405 3593 interior
423 3537 556 3593 facillime
575 3537 705 3608 legitur''.

92 3632 125 3699 1)
149 3630 192 3686 (λε
212 3648 240 3700 p.
261 3628 351 3684 titius.

93 3721 125 3791 2)
150 3719 195 3774 O.:
218 3721 341 3774 vocatur.
1015 3764 1017 3767 .

91 3811 124 3881 3)
147 3809 193 3864 (λε
220 3808 249 3863 ai
273 3807 323 3878 qui
346 3810 449 3864 autem.
473 3808 624 3877 Postquam
651 3807 751 3861 »sirut”
777 3809 843 3862 ante
870 3809 912 3862 »ai
934 3806 996 3879 qai'*
1016 3805 1120 3863 excidit
1139 3823 1173 3862 ex
1194 3809 1258 3863 »at”

49 3912 170 3967 foetum
198 3899 261 3964 »ἅθ’
287 3909 338 3980 (=
356 3910 465 3977 autem)
483 3909 547 3978 post
567 3909 609 3961 »ai
626 3907 687 3979 aad·
707 3906 868 3963 traductum
887 3909 940 3962 est.
960 3907 994 3963 ef.
1015 3907 1107 3963 simila
1125 3907 1258 3962 mendum

48 4001 134 4056 infra
157 4000 253 4069 §1903
274 4001 303 4054 at
322 3996 422 4068 collige
441 4005 603 4067 sequentem
624 3997 715 4066 §itit

89 4093 143 4162 ss)
166 4107 247 4161 ηερ.
265 4087 382 4144 interior
400 4086 533 4143 faeillime
553 4085 685 4158 legitur”.
722 4137 724 4141 .
