2880 4614
787 2293 867 2362 VIII.

512 2464 562 2524 Du
583 2465 871 2526 ADSIGNATIONE
891 2465 1143 2526 LIBERTOBUM.

285 2624 322 2690 In
351 2647 479 2694 summa
499 2628 582 2714 quod
606 2629 645 2694 ad
668 2627 749 2694 bona
770 2626 958 2694 libertorum
983 2627 1173 2694 admonendi
1196 2647 1300 2693 sumus
1321 2645 1381 2690 sena-

238 2739 308 2798 tum
332 2737 506 2812 censuisse,
531 2740 568 2800 ut
591 2737 738 2820 quamvis
763 2734 802 2800 ad
825 2756 935 2801 omnes
957 2738 1082 2822 patroni
1104 2735 1235 2812 liberos,
1260 2735 1310 2818 qui
1327 2735 1381 2796 eius-

219 2841 314 2905 dem
338 2841 456 2928 gradus
478 2843 558 2917 sint,
582 2841 754 2928 aequahter
776 2843 857 2908 bona
879 2843 1067 2908 libertorum
1091 2843 1283 2927 pertineant,
1305 2846 1382 2904 tamen

237 2946 349 3012 liceret
379 2949 502 3032 parenti
526 2951 582 3012 uni
605 2969 644 3013 ex
667 2949 775 3014 liberis
799 2949 964 3036 adsignare
987 2949 1156 3025 libertum,
1183 2954 1220 3013 ut
1241 2953 1308 3032 post
1326 2964 1381 3010 nor·

239 3058 307 3118 tem
342 3039 410 3119 eius
443 3054 528 3119 solus
563 3055 591 3118 is
624 3061 774 3139 petronus
805 3055 974 3140 habeatur,
1008 3057 1061 3119 eui
1092 3053 1276 3142 adsignatus
1297 3057 1349 3122 est,
1363 3063 1380 3110 e

240 3162 356 3225 caeteri
380 3157 492 3238 liberi,
518 3164 570 3246 qui
596 3164 658 3246 ipsi
678 3183 801 3248 quoque
825 3162 865 3227 ad
884 3159 1381 3247 eadembonanuilaadsignatur

238 3267 468 3332 interveniente
503 3270 621 3353 pariter
657 3268 920 3344 admitterentur,
956 3267 1038 3332 nihil
1071 3269 1151 3331 iuris
1185 3268 1219 3330 in
1250 3267 1298 3331 hIs
1322 3261 1380 3329 bont

237 3371 386 3438 habeant.
426 3373 486 3439 ¹sed
512 3375 559 3439 ita
582 3375 709 3439 demum
733 3366 906 3460 pristinum
927 3377 979 3439 ius
1002 3357 1175 3458 recipiunt,
1202 3375 1230 3436 si
1249 3375 1276 3437 is
1295 3372 1337 3436 eui
1350 3365 1380 3432 ad·

240 3481 384 3566 signatus
409 3485 457 3544 est
480 3479 647 3546 decesserit
669 3480 768 3544 nullis
791 3479 901 3545 liberis
924 3479 1053 3545 relictis.
1091 3479 1157 3544 Nee
1176 3483 1301 3544 tantum
1319 3476 1389 3540 liber-¹

240 3589 310 3650 tum
321 3635 329 3666 ,
366 3587 420 3652 sed
451 3588 550 3651 etiam
581 3586 748 3663 libertam,
782 3591 814 3651 et
843 3607 905 3650 nnn
935 3591 1062 3652 tantum
1094 3585 1159 3651 filio
1182 3587 1334 3670 nepetae,
1351 3577 1380 3643 sed

241 3694 337 3756 etiam
369 3692 451 3759 filiae
481 3695 610 3779 neptive
644 3693 809 3780 adsignare
832 3695 1040 3778 permittitur.
1088 3692 1316 3776 Daturautem
1333 3687 1392 3751 haee

242 3797 429 3885 adsignandi
459 3800 593 3865 facultas
625 3801 671 3884 ei,
702 3801 757 3885 qui
788 3800 865 3865 duos
889 3799 1039 3892 pluresve
1068 3799 1184 3865 liberos
1212 3799 1247 3862 in
1270 3798 1380 3883 potesne

241 3901 386 3982 habebit,
412 3911 449 3969 ut
472 3909 537 3983 eis,
562 3927 640 3990 quos
662 3909 696 3970 in
719 3911 874 3990 potestate
897 3906 994 3971 habet
1005 3954 1013 3985 ,
1035 3906 1202 3994 adsignare
1221 3907 1251 3970 ei
1271 3904 1379 3970 libertum

241 4010 430 4078 libertamve
460 4011 566 4078 liceat.
613 4012 695 4076 unde
726 4012 951 4097 quaerebatur,
983 4014 1012 4078 si
1034 4033 1109 4077 eum
1133 4014 1187 4077 eui
1211 4005 1380 4099 adsignaverit

241 4124 349 4205 postea
383 4120 648 4205 emancipaverit,
683 4140 762 4183 num
798 4124 965 4188 evanescat
993 4117 1191 4208 adsignatio?
1225 4121 1282 4186 sed
1304 4111 1381 4203 plauit
