2890 4616
230 33 296 102 ere
539 49 622 105 mer.
645 27 701 121 ot,
724 55 768 110 w,
792 29 828 120 §s
842 25 930 102 1-2
953 29 1026 121 es
1074 29 1106 102 4.

247 302 249 306 v
268 247 405 313 nemque
424 227 494 312 egit
512 227 729 312 unusquisque
749 229 898 292 anteum
917 245 972 304 eo,
993 224 1050 310 qui
1069 225 1100 290 ei
1120 223 1275 312 obligatus
1293 229 1329 292 est
1336 227 1369 294 ret

226 355 265 398 ex
288 335 450 400 contractu
469 329 522 399 rel
541 351 581 396 ex
599 330 757 398 maleficio
767 379 775 412 ,
796 352 858 418 quo
871 351 945 398 eosu
956 330 1101 417 proditae
1113 334 1250 398 notiones
1261 330 1368 418 inperso

223 461 297 507 nem
327 443 419 524 sunt,
449 458 506 523 per
537 458 614 523 quos
642 439 779 504 intendit
803 439 1019 505 mensorium
1043 439 1073 502 ei
1097 437 1171 504 dere
1194 443 1249 503 aut
1270 439 1329 504 dare
1344 441 1371 503 fa·

226 567 295 612 oere
326 550 468 632 oportere
496 547 528 609 et
552 543 624 611 aliis
647 545 839 631 quibusdem
862 544 983 612 modis:
1008 547 1065 609 eut
1088 565 1164 610 eum
1188 566 1224 610 eo
1247 547 1318 634 egit,
1338 547 1373 630 qut

225 652 314 720 nullo
347 656 417 717 iure
451 653 480 716 ei
514 649 676 738 obligatus
711 656 772 730 est,
806 655 916 718 movet
938 656 1046 717 temen
1070 649 1168 716 elicui
1192 651 1231 716 de
1251 651 1339 737 aliqua
1354 673 1373 714 re

226 761 479 826 controversiam.
529 778 590 843 quo
623 781 697 826 ousu
717 760 861 846 proditae
884 761 1023 825 actiones
1045 759 1080 822 in
1102 779 1171 823 rem
1195 763 1275 823 eunt.
1305 757 1375 826 ueluti

97 921 99 926 .
204 869 254 955 ¹si
284 887 354 932 rem
385 863 579 951 corporalem
608 867 767 952 possideat
796 869 885 953 quis,
918 885 1014 953 quem
1039 865 1143 932 Titius
1167 885 1258 931 suem
1279 884 1334 930 esee
1349 864 1376 928 ei·

226 969 348 1051 firmet,
375 977 407 1038 et
428 991 587 1058 possessor
610 973 779 1040 dominum
802 995 835 1039 se
854 994 921 1040 esse
940 973 1042 1038 diest:
1062 993 1138 1038 nam
1158 974 1186 1038 si
1206 971 1377 1036 Titiussuen

225 1100 293 1145 esse
322 1077 485 1160 intendat,
519 1083 553 1146 in
583 1102 652 1146 rem
682 1084 765 1147 sotio
796 1085 852 1146 eet.
901 1079 1011 1166 Aeque
1040 1081 1067 1144 si
1090 1083 1166 1166 egat
1189 1080 1241 1144 ius
1263 1077 1317 1143 sibi
1335 1097 1393 1141 esser

224 1185 322 1252 fundo
353 1190 433 1254 forte
465 1189 518 1256 vel
551 1187 680 1254 aedibus
712 1188 824 1254 utendi
853 1185 979 1254 fruendi
1001 1185 1055 1254 vei
1077 1207 1133 1272 per
1156 1185 1290 1251 fundum
1310 1186 1378 1251 ricini

225 1295 320 1359 eundi
345 1296 460 1382 egendi
483 1296 536 1364 vel
560 1317 599 1361 ex
622 1296 719 1360 fundo
742 1297 840 1362 vieini
864 1314 981 1379 equum
1005 1293 1158 1376 ducendi,
1182 1295 1304 1357 iurem
1324 1293 1378 1354 estio

222 1405 280 1465 est.
329 1402 472 1468 eiusdem
496 1406 621 1489 generis
644 1407 692 1468 est
715 1405 798 1468 aetio
823 1401 861 1466 ‹ie
884 1403 953 1465 iure
976 1400 1179 1481 praediorum
1202 1399 1379 1478 urbanorum,

224 1505 328 1573 veluti
352 1509 380 1572 si
403 1513 479 1595 aget
503 1511 553 1575 ius
574 1511 634 1574 sibi
659 1529 725 1574 esse
747 1507 844 1572 eitius
865 1506 957 1571 aedes
978 1526 1050 1571 suos
1070 1503 1204 1571 tollendi
1223 1505 1379 1591 prospieien-

226 1611 299 1678 dive
317 1611 370 1680 vel
389 1615 565 1699 proiciendi
584 1613 706 1699 aliquid
729 1612 782 1681 vel
800 1611 1000 1678 immittendi
1014 1614 1048 1676 in
1060 1614 1159 1679 vieini
1171 1611 1273 1679 sedes.
1305 1616 1381 1676 oootrt

223 1739 348 1804 quoque
373 1720 411 1786 de
438 1741 499 1787 usu
518 1722 623 1787 fructu
644 1725 676 1786 et
695 1720 733 1785 de
753 1718 962 1786 servitutibus
981 1718 1182 1803 praediorum
1204 1720 1381 1796 rusticorum,

225 1828 305 1890 item
332 1827 535 1910 praediorum
565 1829 759 1894 urbanorum
791 1828 930 1891 invicem
954 1845 1078 1910 quoque
1102 1826 1246 1910 proditae
1268 1830 1333 1892 sunt
1351 1843 1381 1888 ee·

225 1933 345 2016 tiones,
366 1938 404 1998 ut
428 1936 499 2018 quis
521 1933 664 1999 intendet
687 1935 738 1998 ius
760 1951 824 1997 non
847 1952 914 1996 esse
937 1929 1115 1997 edversario
1138 1932 1252 1997 utendi
1272 1929 1381 2000 brenti.

225 2039 321 2102 eundi
344 2038 460 2125 egendi
484 2059 638 2126 equomve
662 2037 814 2123 ducendi,
831 2040 911 2102 item
931 2035 1029 2102 ultius
1047 2035 1181 2103 tollendi
1202 2033 1378 2124 prospicient

225 2144 398 2227 proiciendi
428 2137 642 2211 immittendi&
674 2147 755 2211 istae
783 2163 907 2230 quoque
936 2144 1075 2207 actiones
1097 2145 1131 2207 in
1153 2157 1224 2209 rem
1247 2147 1329 2220 sunt,
1348 2138 1382 2204 sed

224 2251 402 2338 negativae.
449 2251 533 2336 quod
565 2271 666 2338 genus
697 2251 831 2317 sotionis
861 2251 895 2313 in
927 2249 1148 2316 oontroversiie
1175 2270 1284 2315 rerum
1305 2265 1381 2331 eorpo

225 2354 343 2422 rubium
365 2357 529 2441 proditum
551 2377 614 2423 non
637 2361 701 2423 est:
725 2377 801 2422 nem
824 2357 858 2420 in
881 2355 931 2419 his
954 2357 982 2420 is
1005 2356 1074 2442 egit
1097 2357 1153 2439 qui
1176 2375 1241 2422 non
1259 2353 1381 2442 possidet:

226 2463 256 2525 ei
278 2482 353 2529 vero
377 2465 432 2548 qui
455 2462 594 2548 possidet
617 2481 679 2528 non
704 2466 752 2528 est
776 2462 858 2526 aetio
876 2460 1019 2546 prodita,
1039 2480 1095 2544 per
1115 2482 1214 2547 quem
1234 2465 1324 2550 neget
1338 2477 1383 2524 ren

226 2570 340 2633 ueteris
355 2642 358 2647 ,
372 2589 447 2635 esse.
494 2589 569 2635 sune
599 2588 663 2634 uno
694 2588 769 2634 essu
798 2569 853 2653 qui
884 2567 1023 2653 possidet
1046 2568 1147 2634 nihilo
1171 2571 1280 2635 minus
1301 2565 1384 2633 sobrie

225 2679 330 2757 portes
354 2677 493 2760 optinet,
518 2677 600 2740 sieut
623 2677 658 2739 in
680 2674 847 2741 latioribus
871 2673 1069 2762 digestorum
1093 2673 1184 2743 libris
1210 2673 1384 2762 opportunius

227 2780 390 2864 apparebit
404 2782 438 2862 ¹).

275 2881 338 2956 Sie
369 2886 486 2982 itaque
520 2885 684 2958 diseretis
718 2881 918 2958 actionibus
952 2896 1086 2956 eertum
1121 2897 1175 2958 est
1208 2912 1281 2959 non
1312 2906 1400 2980 preses

224 3007 381 3067 actorem
412 3023 487 3067 rem
522 3025 621 3070 suam
655 3001 703 3071 ita
734 2997 780 3071 ab
814 2997 932 3097 aliquo
964 3007 1100 3096 petere:
1136 3001 1188 3070 »si
1214 3007 1311 3097 paret
1331 3020 1383 3065 eun

224 3107 309 3180 dare
346 3111 548 3206 oportere”:
587 3137 652 3184 neo
689 3111 782 3185 enim
821 3110 917 3214 quod
951 3111 1081 3184 actoris
1115 3124 1168 3184 est
1202 3113 1241 3184 id
1275 3114 1305 3183 ei
1333 3107 1383 3178 dari

268 4037 295 4098 1)
317 4035 373 4103 ἕξω
392 4035 483 4089 3-13
503 4036 681 4105 opposuimus
701 4034 752 4088 oei
772 4033 826 4105 §§i¹
845 4035 882 4100 32
901 4053 959 4103 sqq.
