2974 4582
506 57 560 106 cc
584 42 608 107 1.
631 39 877 128 §ario-151.
1234 39 1276 106 ιι

106 253 192 298 meac
213 237 355 319 tempore
378 232 412 295 in
435 230 602 323 potestalte
626 251 698 294 mea
720 232 780 308 sit,
805 233 934 315 nepotes
953 249 1031 315 quos
1050 249 1089 294 ex
1109 249 1145 294 eo
1158 230 1273 314 [tadeo]
1297 253 1311 296 a

105 359 164 402 non
192 343 341 423 poterunt
364 357 402 402 ex
422 337 427 424 Ι
448 341 638 402 testamento
661 356 734 400 meo
755 335 870 400 habere
894 340 1050 420 tutorem,
1073 337 1220 422 quamvis
1242 337 1312 399 ino

105 449 256 528 potestate
284 463 358 508 mea
377 441 382 527 1
402 442 537 519 fuerint;
571 440 709 517 scilicet,
742 444 830 527 quia,
864 446 989 506 mortuo
1018 463 1089 518 me,
1118 445 1152 506 in
1174 443 1274 526 patris
1298 461 1323 505 ιι

105 551 154 613 sui
173 550 178 634 Ι
197 554 353 634 potestate
376 548 478 612 futuri
501 549 612 631 sunt!
1032 568 1037 576 ·
1103 561 1109 572 ·
1299 567 1322 610 ιι

28 651 93 733 147)
148 651 231 720 Cum
259 660 368 719 tumen
396 655 431 718 in
464 653 682 738 compluribus
713 653 785 718 aliis
817 655 920 718 causis
950 653 1104 748 postulmi
1126 673 1184 738 pro
1205 655 1272 717 iam
1296 673 1330 730 ιι,
1343 672 1368 718 ιι

103 763 183 824 uatis
204 760 397 834 habeantur,
419 761 517 824 etiam
535 762 570 824 in
589 761 649 824 hac
669 779 763 825 causa
782 759 922 846 placuit,
943 781 1005 825 non
1025 762 1031 844 Ι
1050 761 1149 824 minis
1166 763 1273 843 postu·
1302 779 1326 822 ιι

103 868 164 930 mis
186 887 283 951 quam
305 869 372 932 iam
393 868 478 930 natis
500 869 691 930 testamento
715 865 847 958 tutolres
872 865 941 931 dari
959 885 1067 950 posse,
1090 868 1119 929 si
1137 864 1276 930 modain
1299 885 1324 927 ιι

105 993 139 1036 ea
158 992 252 1037 causa
270 973 354 1048 sint,
374 975 412 1035 ut
431 973 478 1055 si,
497 973 584 1036 vivis
602 967 722 1052 nothis,
740 977 926 1046 nascantur,
945 974 980 1036 iu
998 975 1154 1057 potestate
1169 975 1276 1035 nostra
1299 989 1325 1034 ιι

103 1075 188 1142 fiant.
235 1076 304 1142 Hos
326 1079 425 1141 etiam
446 1076 601 1162 {heredes
624 1079 792 1143 instituere
810 1098 998 1163 possumus,
1020 1097 1094 1142 cum
1113 1081 1276 1142 extraneos
1299 1098 1324 1139 ιι

26 1181 92 1262 148)
103 1181 277 1279 ροι)1ιιιιιοι
300 1181 431 1248 heredes
453 1184 621 1248 instituere
643 1185 835 1268 permissum
855 1204 918 1249 uon
937 1185 989 1247 sit.
1026 1181 1170 1268 [Urorr],
1183 1189 1271 1284 quael
1298 1203 1323 1246 ιι

102 1291 133 1353 iu
155 1310 254 1354 manu
277 1293 341 1366 est,
364 1288 496 1373 perinde
519 1308 555 1352 ac
574 1285 676 1366 filiae,
696 1291 776 1355 item
795 1291 908 1366 nurui,
931 1309 1011 1374 quae
1031 1288 1037 1375 Ι
1056 1286 1273 1353 infiliimanu
1297 1307 1332 1370 ιι,
1344 1309 1370 1348 so

102 1401 164 1472 est,
188 1394 319 1481 perinde
344 1415 380 1458 ao
401 1396 491 1479 nepti
514 1399 602 1458 tutor
625 1394 693 1459 dari
715 1397 855 1479 potest!

28 1497 91 1584 149)
146 1499 338 1565 Rectissime
369 1504 478 1565 autem
510 1503 598 1564 tutor
627 1501 673 1565 sic
704 1500 773 1565 dari
800 1505 921 1586 potest:
945 1499 982 1567 Ia
1006 1499 1131 1565 litium
1153 1490 1274 1580 lilheris
1296 1519 1332 1576 ιι,

101 1609 180 1672 meis
211 1611 352 1670 tutorem
377 1604 426 1670 do.
462 1604 539 1669 Luc.
553 1601 603 1684 ¹)†
626 1609 766 1670 tutorem
790 1606 840 1671 do.
876 1602 939 1670 Sed
962 1609 1089 1671 etiamsi
1113 1609 1160 1671 ita
1183 1608 1279 1690 scrip·

99 1717 169 1776 tum
190 1711 196 1797 Ι
217 1713 279 1788 sit,
303 1709 413 1776 liberis
435 1713 518 1776 meis
540 1709 593 1776 vel
616 1712 708 1776 uxori
730 1731 821 1777 meae
840 1709 946 1776 Titius
965 1715 1053 1776 tutor
1072 1716 1168 1803 eslto,
1189 1717 1272 1776 recte
1294 1729 1329 1786 sa,
1343 1729 1370 1773 ιι

27 1811 88 1903 150)
103 1816 194 1882 datus
225 1815 436 1903 intellegitur.
482 1815 520 1880 ln
550 1836 681 1900 persona
712 1818 987 1894 tamenlluxoris,
1019 1835 1099 1901 quae
1125 1818 1159 1880 in
1181 1835 1280 1880 manu
1338 1812 1381 1877 42

103 1928 167 2007 est,
190 1926 317 2006 recepta
340 1927 387 1986 est
410 1923 509 1986 etiam
531 1917 652 2004 tutoh’ls
674 1924 779 2006 optio,
803 1922 838 1986 id
861 1928 925 2007 est,
949 1929 987 1987 ut
1005 1921 1320 2007 liceateipermita
1349 1904 1413 1990 ⁹¹*l

99 2033 179 2102 tere,
213 2048 309 2112 quem
335 2026 417 2092 velit
448 2029 529 2112 iplsa
559 2033 699 2092 tutorem
728 2027 790 2092 sibi
822 2033 930 2113 optare
953 2028 1013 2094 hoc
1036 2028 1149 2093 modo:
1173 2027 1314 2094 liticen

99 2137 190 2199 uxori
213 2131 314 2216 melae
337 2135 453 2198 tutoris
476 2134 638 2217 optionem
660 2133 717 2210 do;
743 2153 806 2219 quo
829 2153 905 2198 casu
927 2132 1003 2199 licet
1026 2136 1119 2198 uxori
1141 2133 1204 2219 †²)
1226 2133 1279 2200 vel
1301 2154 1315 2197 ι

99 2241 131 2304 iu
150 2239 156 2325 Ι
177 2259 288 2305 omnes
311 2258 359 2304 res
382 2237 435 2303 vel
458 2240 493 2302 in
515 2259 613 2304 unam
637 2238 718 2304 forte
742 2245 798 2303 aut
824 2238 913 2303 duas.
1301 2263 1313 2304 ι

29 2338 91 2427 111)
144 2342 315 2410 Caeterum
336 2344 341 2430 Ι
362 2350 418 2409 aut
440 2343 535 2428 piem
558 2346 644 2430 optio
667 2344 761 2408 datur
784 2349 840 2408 aut
864 2349 1012 2431 angusta.
1300 2366 1313 2408 c

88 2573 305 2588 m

132 2725 159 2796 1)
179 2721 380 2779 C.lic.tutdc.
414 2721 483 2776 Inde
517 2721 662 2777 Huschke:
693 2721 737 2794 ⁸do
763 2721 834 2794 lego*
866 2724 917 2777 aut
946 2721 1038 2795 ι(1011)
1068 2721 1171 2776 Contra
1204 2736 1288 2790 quem

95 2811 242 2869 Coudsmit
266 2811 402 2867 ostendit:
430 2815 516 2882 lepore
543 2811 598 2867 dici
618 2828 674 2866 non
693 2828 773 2882 posse
792 2809 826 2866 de
846 2811 954 2877 tutela,
975 2830 1048 2881 »qua
1067 2811 1137 2865 nihil
1157 2827 1191 2866 ex
1209 2810 1288 2866 here-

96 2903 182 2959 ditate
211 2903 368 2974 erogatur”.
398 2902 471 2957 cil.
493 2902 599 2955 1161).
626 2901 661 2956 de
686 2901 1117 2974 1eg.1.(30.1)aci11,2aa.
1154 2899 1218 2971 Ipse
1236 2899 1287 2955 Vir

96 2993 134 3048 cl.
155 3011 207 3063 pro
233 2996 268 3047 lic
292 2991 363 3063 legit
388 2993 453 3046 Luc.
477 2994 526 3062 (z
535 2991 663 3064 Lucium)
688 2991 763 3061 quod
788 2992 896 3062 recepi,
922 2993 965 3047 ita
983 2995 1078 3047 tanim
1104 2993 1137 3047 ut
1155 2991 1286 3045 lacunam

97 3085 156 3152 post
191 3080 222 3136 id
258 3099 359 3137 nomen
391 3081 551 3146 statuerim,
583 3098 640 3151 qua
667 3081 819 3137 indicarem
848 3083 1007 3152 exemplum
1036 3082 1139 3137 tutoris
1167 3080 1288 3135 dationis

96 3173 202 3238 uxoris,
234 3188 305 3240 quae
336 3173 366 3226 in
394 3189 479 3226 manu
509 3173 567 3237 est,
592 3171 733 3226 excidisse.
772 3171 809 3227 Et
833 3172 950 3228 fortasse
974 3177 1004 3227 et
1026 3171 1073 3226 hic
1091 3170 1175 3242 periit
1192 3186 1288 3226 versus

95 3261 238 3331 archetypi
259 3263 350 3317 »Titia
373 3261 495 3330 Celadi)
516 3264 593 3315 oxori
611 3261 708 3315 meae''.
720 3291 753 3302 —
765 3261 807 3316 Dc
827 3264 937 3316 uomina
957 3260 1101 3332 Gaiaet'ad
1109 3258 1288 3315 indicandam

97 3351 151 3404 scil.
171 3367 299 3416 uxorem,
320 3368 391 3420 quae
410 3350 440 3404 in
458 3365 572 3404 manum
592 3350 736 3420 convenit)
756 3351 791 3406 of.
810 3351 883 3406 Fert.
900 3351 929 3404 in
948 3352 992 3416 V,
1013 3351 1069 3406 Cic.
1085 3349 1289 3421 proliuucap.

96 3439 153 3494 ΧΠ.
179 3441 208 3494 iu
232 3441 299 3504 fine,
325 3440 373 3494 sed
395 3443 490 3510 potest
513 3441 600 3494 etiam
625 3440 703 3494 aliud
724 3459 824 3496 nomen
845 3441 928 3496 finisse
947 3459 990 3496 ex.
1010 3459 1051 3512 gr.
1072 3440 1164 3505 Seiae3
1185 3439 1288 3496 sedda

97 3530 219 3584 »Titiae''
237 3534 303 3602 post
324 3529 466 3584 ’'litium''
486 3529 577 3584 minus
598 3530 741 3585 commode
762 3531 876 3601 cogites.
912 3531 1015 3586 Contra
1033 3529 1182 3584 Goudsmit
1201 3529 1285 3584 »Luc

96 3621 214 3674 tutorem
240 3619 311 3685 do,’'
338 3619 446 3673 nullam
475 3619 606 3673 lacunam
630 3623 773 3686 statuens,
793 3620 863 3694 legit
882 3623 912 3676 ct
931 3619 1038 3676 confert
1056 3623 1074 3673 1.
1095 3619 1130 3674 30
1150 3619 1177 3674 d.
1196 3618 1247 3686 26,
1269 3617 1286 3674 2

97 3712 124 3763 ct
146 3713 163 3763 l.
185 3712 199 3763 l
222 3709 248 3764 d.
271 3709 315 3763 28.
335 3711 361 3762 5.

132 3801 157 3870 1)
178 3818 259 3870 apag.
278 3798 395 3854 interior
411 3798 497 3854 facile
515 3799 647 3869 legitur&

131 3889 159 3959 2)
178 3889 262 3944 Book.
287 3889 402 3962 [eligere
422 3890 567 3959 tutorem}
587 3888 701 3944 Lachm.
718 3894 748 3945 et
764 3891 909 3946 Huschke:
929 3893 1064 3963 [tutorem
1074 3893 1195 3962 optare].
1213 3891 1286 3946 Mihi

97 3977 215 4045 videtur,
244 3980 311 4054 quia
333 3979 460 4049 loquitur
483 3978 569 4033 Gaius
592 3977 627 4033 dc
652 3979 736 4049 plena
761 3981 889 4051 optione,
915 3998 1010 4036 versus
1039 3981 1183 4037 addendus
1209 3998 1286 4038 esse:

99 4064 177 4138 ’duca
195 4073 254 4125 velit
273 4081 318 4126 tat.
338 4071 447 4142 optare'’
