2894 4616
184 69 249 136 466
531 83 614 134 ross.
639 65 693 152 IV,
717 81 809 134 svin.
832 65 870 152 ἐς
897 67 1020 132 9-12.

183 262 267 344 rint,
291 279 409 345 poenae
432 259 658 344 deportationis
681 257 903 344 subiugantur.
927 255 986 322 Est
1005 260 1087 322 inter
1106 257 1240 342 publica
1260 259 1367 323 iudicia
1383 283 1398 324 n

181 369 234 434 lex
257 367 356 432 Fabia
380 366 418 430 de
440 365 625 452 plagiariis,
650 385 730 448 quae
752 366 914 429 interdum
935 366 1047 448 capitis
1066 385 1202 449 poenam
1222 386 1262 429 ex
1281 369 1366 429 sacris

24 467 52 482 ”
185 471 464 539 constitutionibus
487 473 624 558 irrogat,
650 470 811 535 interdum
834 469 997 535 leviorem.
1028 469 1111 535 Sunt
1134 477 1298 556 praeterea
1319 493 1397 555 pun

181 579 265 645 blica
300 577 418 642 iudicia
452 577 504 642 lex
531 575 619 642 Iulia
647 578 789 641 ambitus
820 581 852 641 et
881 575 934 640 len
966 575 1048 641 luiia
1070 577 1321 662 repetundarum
1342 585 1366 641 et

181 685 234 750 lox
265 682 348 748 Iulia
382 683 421 748 de
455 703 577 749 annona
607 689 639 748 et
667 683 720 748 lex
750 682 833 748 Iulia
863 682 901 746 de
929 683 1085 758 residuis,
1110 705 1192 768 quac
1216 683 1257 748 dc
1280 687 1363 748 certis

182 789 330 876 capitulis
352 789 527 874 loquuntur
550 795 582 854 et
605 792 729 855 animae
752 790 882 874 quidem
906 792 1109 855 amissionem
1133 811 1196 854 non
1213 790 1362 876 irrogant,

183 895 256 962 aliis
285 901 392 960 autem
422 897 532 979 poenis
563 915 614 960 eos
645 896 822 972 subiciunt,
856 898 911 981 qni
942 901 1108 981 praecepta
1131 917 1245 961 aarum
1268 897 1365 983 neglc-

182 1003 296 1068 norint.

228 1105 290 1174 Sed
318 1109 357 1174 de
384 1109 521 1193 publicis
551 1109 679 1174 indiciis
703 1109 779 1175 haec
802 1113 1024 1195 exposuimus,
1047 1114 1085 1174 nt
1107 1111 1199 1175 vobis
1222 1110 1362 1194 possibile
1379 1135 1396 1175 n

184 1217 227 1280 sit
259 1235 386 1279 summo
418 1215 521 1301 digito
552 1221 585 1282 et
615 1217 706 1299 quasi
729 1237 785 1299 per
807 1217 945 1280 indicem
969 1237 1006 1281 ea
1029 1217 1184 1302 tetigisse.
1235 1215 1365 1301 alioquin

186 1319 371 1407 diligentior
399 1341 509 1386 eorum
539 1323 673 1385 scientia
704 1321 795 1386 vobis
824 1343 862 1386 cx
892 1321 1061 1386 latioribus
1073 1322 1284 1408 'digestorum
1308 1325 1365 1388 sive

184 1425 411 1511 pandectarum
434 1426 525 1492 libris
548 1426 607 1491 deo
630 1428 767 1512 propitio
790 1427 965 1492 adventura
987 1434 1043 1492 est.
