2916 4604
60 23 63 30 ¹
178 36 292 156 ,111
602 93 685 148 mn.
709 79 766 147 m.
790 98 835 147 ιι.
859 79 1007 167 §ss-s.

210 273 338 344 sulium
363 281 398 342 et
419 273 689 345 constitutiones
705 273 920 372 principales
933 291 1001 344 -τ
1016 270 1079 346 sed
1093 301 1173 346 cum
1187 275 1239 345 eis
1250 285 1375 372 praetor

109 473 112 485 ι
210 386 272 459 dat
303 385 476 457 bonorum
509 389 791 485 possessionem,
820 388 902 460 loco
934 387 1104 460 heredum
1130 389 1377 460 constituuntur

211 509 246 572 et
270 513 442 572 vocantur
467 499 640 573 bonorum
666 528 882 599 possesores.
921 500 946 596 ¹)
964 500 1080 573 adhuc
1106 511 1222 574 autem
1248 512 1282 572 et
1301 501 1379 573 alios

211 613 410 711 complures
435 614 567 713 gradus
593 624 735 713 praetor
759 616 845 688 lecit
861 617 898 685 in
919 615 1091 686 bonorum
1109 615 1380 713 possessionibus

209 727 357 830 dandis,
381 727 463 798 dum
490 725 526 799 id
552 728 701 828 agebat,
727 756 770 801 ne
789 730 869 828 quis
888 730 962 800 sine
981 754 1187 801 successore
1206 730 1382 799 moriatur:

210 825 548 932 nam'angustissimis
570 844 685 910 finibus
709 848 921 916 constitutum
945 843 1129 932 perlegam
1153 843 1321 908 duodecim
1343 849 1381 908 ta

212 949 362 1017 bolarum
396 953 447 1016 ius
483 952 757 1037 percipiendarum
791 951 1005 1018 hereditatum
1032 957 1157 1036 praetor
1185 970 1224 1015 ex
1254 951 1335 1016 bono
1357 957 1382 1016 et

212 1077 310 1142 aequo
345 1056 504 1124 dilatarit.
551 1055 634 1123 Sunt
668 1064 777 1125 autem
811 1059 967 1125 bonorum
997 1060 1205 1143 possessiones
1236 1079 1274 1123 ex
1297 1061 1400 1124 testas

211 1168 319 1229 mento
351 1164 481 1252 quidem
512 1165 581 1230 hae.
628 1167 745 1254 prima,
779 1187 859 1251 quae
889 1167 1068 1251 praeteritis
1090 1163 1199 1229 liberis
1223 1165 1318 1231 datur
1341 1185 1384 1231 11

212 1274 362 1355 satorque
394 1275 502 1337 contra
523 1271 660 1338 tabulas.
707 1273 859 1356 secunda,
884 1291 978 1358 quam
1002 1271 1150 1337 omnibus
1172 1272 1243 1335 iuro
1266 1273 1384 1360 scriptis

211 1377 380 1442 heredibus
412 1382 538 1463 praetor
559 1377 728 1466 pollicetur
750 1380 882 1466 ideoque
904 1383 1036 1445 vocatur
1058 1377 1233 1444 secundum
1256 1377 1385 1446 tabulas.

212 1488 244 1550 et
275 1505 348 1552 cum
380 1483 418 1550 de
449 1488 650 1551 testamentis
675 1489 764 1572 prius
785 1485 913 1552 locutus
935 1490 1002 1563 est,
1029 1485 1068 1550 ad
1090 1487 1258 1551 intestatos
1280 1487 1386 1550 trausi-

211 1594 282 1658 tum
315 1590 401 1655 fecit.
448 1595 480 1656 et
502 1593 607 1679 primo
630 1592 698 1658 loco
721 1596 787 1664 suis
810 1591 980 1658 heredibus
1003 1597 1035 1658 et
1056 1592 1125 1668 his,
1150 1594 1206 1678 qui
1228 1613 1268 1658 ax
1291 1591 1387 1658 edicto

212 1699 365 1785 praetoris
396 1698 463 1765 suis
494 1703 779 1777 connumerantur,
805 1700 861 1765 dat
884 1700 1039 1767 bonorum
1061 1701 1291 1785 possessionem
1312 1719 1388 1785 quae

210 1807 343 1869 vocatur
365 1805 449 1872 unde
473 1803 577 1874 liberi.
624 1807 760 1873 secundo
783 1805 941 1896 legitimis
960 1805 1148 1872 heredibus:
1166 1807 1263 1872 tertio
1283 1806 1388 1872 decem

211 1910 370 1996 personis,
396 1931 474 1999 quas
496 1917 644 1979 extraneo
667 1915 894 1980 manumissori
913 1914 1169 2003 praeferebat-
1190 1919 1266 1979 sunt
1286 1917 1389 1979 antem

134 2031 136 2036 ·
212 2015 321 2080 decem
343 2037 492 2105 personas
522 2019 598 2086 hae:
627 2025 717 2106 pater
738 2026 841 2087 mater
861 2043 940 2088 avus
963 2022 1035 2088 avia
1058 2023 1126 2086 tam
1148 2021 1274 2106 paterni
1297 2040 1388 2106 qnam

212 2130 366 2207 11111111,
401 2127 481 2194 item
515 2123 602 2192 iilius
636 2125 703 2194 iilia
732 2149 828 2215 nepos
858 2129 962 2215 neptis
992 2131 1062 2194 tam
1086 2149 1125 2194 ex
1143 2125 1209 2193 filio
1232 2147 1329 2213 quam
1355 2148 1389 2191 er

212 2231 297 2312 filia,
322 2233 418 2301 frater
442 2254 527 2300 soror
551 2235 618 2301 sive
642 2235 867 2322 consanguinei
889 2237 957 2304 sive
980 2237 1099 2301 uterini
1123 2250 1183 2298 -τ
1209 2237 1320 2319 quarto
1343 2253 1389 2299 co

211 2343 318 2433 gnatis
348 2343 519 2427 proximis,
552 2343 663 2427 quinto
695 2346 768 2406 tum
797 2363 894 2429 quam
925 2363 964 2408 ex
987 2337 1128 2408 familia:
1154 2344 1242 2406 sexto
1262 2343 1390 2425 patrono

212 2454 244 2515 et
278 2454 428 2537 patronae
462 2447 634 2534 liberisque
668 2468 779 2514 eorum
814 2453 846 2515 et
876 2449 1078 2535 parentibus:
1110 2449 1248 2533 septimo
1270 2447 1338 2513 siro
1363 2449 1390 2512 et

209 2557 319 2623 uxori:
344 2561 456 2623 octavo
480 2556 623 2644 cognatis
646 2556 896 2622 manumissoris.
932 2555 995 2622 Sed
1016 2575 1068 2621 eas
1087 2554 1219 2641 quidem
1236 2554 1405 2640 praetorias

210 2663 339 2731 induxit
360 2661 549 2729 iurisdictio.
584 2662 674 2727 nobis
693 2666 801 2730 tamen
819 2661 903 2728 nihil
922 2663 1117 2729 incuriosum
1133 2661 1389 2747 praetermissum

212 2776 279 2848 est,
304 2767 358 2836 sed
382 2771 497 2836 nostris
521 2769 801 2835 constitutionibus
825 2772 932 2836 omnia
956 2771 1148 2858 corrigentes
1173 2772 1283 2835 contra
1304 2765 1389 2832 tabu·

212 2874 260 2942 lae
291 2876 422 2962 quidem
452 2880 484 2942 et
512 2874 686 2941 secundum
709 2875 834 2942 tabulas
856 2876 1012 2943 bonorum
1034 2875 1245 2962 possessiones
1267 2873 1389 2941 admisi·

212 3003 286 3049 mus
316 2976 441 3069 utpote
456 2983 646 3049 necessarias
677 2984 880 3059 constitutas,
912 3004 969 3049 nec
992 3003 1055 3049 non
1077 2983 1116 3048 ab
1139 2983 1292 3048 intestato
1312 2980 1389 3046 unde

211 3087 306 3155 liberi
336 3092 368 3154 et
398 3086 479 3153 unde
506 3085 649 3177 legitimi
672 3088 827 3155 bonorum
850 3091 1069 3175 possessiones.
1117 3087 1206 3169 Quae
1229 3088 1403 3156 antemius

211 3195 365 3281 praetoris
396 3193 499 3260 edicto
530 3195 640 3280 quinto
667 3193 736 3261 loco
766 3197 869 3282 posita
900 3197 1022 3274 1111111,
1054 3196 1087 3261 id
1113 3198 1161 3261 est
1183 3195 1267 3262 unde
1288 3195 1387 3261 decen

212 3318 379 3387 personae,
414 3321 483 3367 eam
511 3303 564 3387 pio
594 3303 755 3388 proposito
781 3306 813 3368 et
836 3303 1057 3390 compendioso
1080 3323 1225 3368 sermone
1249 3323 1387 3390 superva-

212 3427 306 3474 cuam
329 3407 543 3474 ostendimus:
570 3430 645 3475 cum
668 3411 754 3476 enim
777 3411 919 3496 praefata
937 3411 1091 3476 bonorum
1111 3409 1266 3495 possessio
1286 3409 1385 3475 decen

211 3505 359 3602 personas
386 3517 597 3602 praeponebat
619 3520 765 3583 extraneo
789 3518 1035 3595 manumissent,
1061 3521 1169 3583 nostra
1191 3518 1384 3591 constitutio,

212 3644 309 3710 quam
333 3622 371 3688 de
395 3623 645 3708 emancipatione
668 3623 842 3692 liberorum
865 3624 1015 3702 fecimus,
1040 3624 1189 3691 omnibus
1212 3624 1385 3710 parentibus

212 3729 394 3816 eisdemque
416 3731 701 3798 manumissoribus
725 3735 884 3798 contracta
907 3729 1022 3799 fiducia
1045 3733 1329 3798 manumissionem
1347 3734 1362 3795 f
1373 3767 1383 3778 ·

209 3859 278 3903 cere
309 3836 411 3910 dedit,
443 3840 481 3901 nt
506 3837 576 3923 ipsa
597 3840 804 3905 manumissio
829 3860 938 3906 eorum
961 3839 1022 3908 hoc
1044 3840 1079 3905 in
1101 3860 1135 3905 se
1157 3837 1274 3905 habeat
1296 3839 1381 3925 privi-

212 3944 334 4032 legium
358 3948 390 4009 et
412 3965 607 4030 supervacua
630 3944 686 4012 fiat
708 3945 869 4032 praedicta
892 3947 1046 4014 bonorum
1068 3948 1233 4033 possessio.
1269 3944 1381 4011 sublata

245 4147 272 4219 1)
290 4145 332 4202 11.
352 4146 404 4203 aas
424 4147 496 4217 111.
