3024 4574
574 60 870 149 corseas-ao.
1271 56 1312 142 ιι

134 239 275 320 tomento
311 251 413 318 alieno
448 249 573 337 capere,
609 251 662 318 vel
695 257 815 319 tutores
835 253 841 336 Ι
861 255 1050 318 testamento
1085 249 1163 314 dari.
1218 245 1344 329 Quodc

136 366 245 426 autem
274 359 416 424 diximus
445 377 485 422 ex
514 361 703 422 testamento
735 378 787 423 eos
816 377 926 442 capere
956 377 1019 422 non
1038 355 1044 440 Ι
1063 374 1170 440 posse,
1193 356 1241 419 ita
1262 354 1309 416 in·
1332 372 1345 415 r

136 465 344 552 tellcgemus‚
373 483 413 526 ne
440 460 516 554 quid
533 463 605 526 inde
619 462 643 543 ¹)
662 463 780 528 directo
803 463 989 528 hereditatis
1006 461 1240 560 lepgatorumre
1259 479 1314 524 no·
1336 479 1350 524 a

137 573 224 636 mine
258 590 310 635 eos
341 589 431 652 posse
460 587 569 653 capere
597 568 740 633 dicamus
747 588 756 646 ;
781 567 933 653 allioqnin
952 588 1008 652 per
1031 565 1314 632 fideicommissum
1336 583 1351 628 c

33 674 127 766 (525)
138 697 246 760 capere
265 678 406 760 possunt.
441 671 488 737 Hi
507 693 598 752 vero,
621 673 627 760 Ι
644 675 702 758 -qui
723 673 945 739 dediticiorum
964 693 1097 738 numero
1117 678 1208 748 sunt,
1221 669 1310 736 nullo
1335 689 1360 735 ιι

136 781 231 847 modo
255 801 294 845 ex
316 783 506 844 testamento
529 799 638 864 capere
658 781 663 864 Ι
683 784 832 864 possunt,
856 800 918 844 non
939 781 1044 866 magis
1068 798 1165 865 quam
1177 775 1312 862 quilibet
1335 796 1359 841 ιι

137 889 339 974 peregrinus;
360 885 434 970 quic
446 884 472 968 ²)
493 905 550 949 nec
570 887 633 969 ipsi
651 875 841 950 testamenta
852 885 964 972 fulsere
975 889 1124 970 possunt,
1138 883 1312 948 secundum
1335 902 1362 946 ιι

35 991 125 1080 Ιι26)
138 992 188 1069 id,
222 991 306 1076 quod
336 992 441 1077 magis
471 989 601 1074 placuit.
623 989 792 1073 {Pessima
821 992 928 1075 itaque
958 989 1089 1055 libertas
1120 1009 1230 1054 eorum
1264 991 1311 1052 est
1334 1008 1360 1053 ιι

139 1099 194 1182 qui
215 1097 439 1161 dediticiorum
457 1115 601 1191 nupmcro
621 1101 712 1171 sunt,
734 1117 791 1160 nec
810 1095 879 1160 ulls
889 1095 961 1183 lege
973 1100 1030 1160 aut
1041 1093 1312 1160 senatusconsulto
1335 1114 1361 1158 ιι

140 1207 195 1266 aut
219 1203 443 1267 constitutione
466 1199 646 1297 prinoilpali
669 1201 774 1265 aditus
796 1201 862 1265 illis
887 1201 927 1266 ad
948 1203 1114 1267 civitatem
1133 1200 1313 1266 Romanam
1336 1221 1361 1265 ιι

35 1307 62 1394 ΙΙ
72 1305 126 1394 27)
140 1308 244 1372 datur.
291 1305 375 1386 Quin
409 1307 506 1370 etiam
542 1307 576 1368 in
596 1306 601 1390 Ι
622 1305 700 1370 urbe
734 1306 837 1372 Roma
850 1307 876 1380 3)
907 1305 961 1372 vel
991 1308 1075 1371 intra
1098 1308 1309 1372 centesimum
1334 1325 1359 1370 ιι

140 1413 227 1476 urbis
256 1411 377 1478 Romae
397 1411 403 1496 Ι
422 1409 601 1475 miliarium
630 1414 749 1476 morari
778 1411 1001 1496 prohibentur,
1034 1416 1066 1476 ιι
1097 1413 1125 1476 si
1147 1415 1255 1476 contra
1278 1432 1315 1477 ea
1338 1431 1363 1475 ιι

140 1519 288 1594 fecerint,
311 1517 315 1600 Ι
336 1519 399 1600 ipsi
421 1517 563 1602 bonaque
582 1538 692 1584 eorum
715 1518 842 1604 publice
864 1521 972 1583 venire
994 1517 1162 1594 iubentur,
1175 1537 1212 1582 ea
1229 1529 1310 1610 con-p
1336 1537 1362 1583 ιι

142 1624 281 1700 dicione,
318 1628 355 1686 ut
388 1643 427 1686 ne
461 1625 496 1687 in
533 1623 613 1691 urbe
642 1623 745 1688 Roma
773 1622 826 1689 rel
856 1626 939 1687 intra
970 1625 1190 1704 centesilmum
1223 1623 1311 1687 urbis
1335 1641 1370 1698 ιι,
1383 1641 1410 1686 ro

141 1728 262 1794 Romae
278 1728 470 1810 ¹miliarium
500 1732 654 1800 serviant,
684 1750 764 1795 neve
786 1735 948 1818 uniquam
970 1730 1240 1793 manumittantur
1247 1747 1256 1806 3
1282 1733 1314 1793 ιι
1338 1748 1372 1814 ιι

143 1836 171 1899 si
200 1835 391 1898 manumissi
420 1833 539 1898 fuerint
569 1836 653 1899 servi
684 1833 796 1918 populi
824 1831 970 1918 Rolmani
1000 1855 1066 1900 esse
1090 1828 1257 1900 iubentur:
1283 1839 1315 1898 ιι
1336 1853 1365 1899 ιι

45 1937 222 2024 §28)haec
248 1941 294 2004 ita
323 1938 395 2026 lege
416 1938 509 2005 Aelia
532 1937 642 2005 Sentia
661 1941 666 2024 Ι
687 1939 911 2026 comprehensa
933 1944 1018 2004 sunt.
1031 1937 1087 2026 ΙΙ4Ι
1111 1939 1219 2005 Latini
1241 1960 1316 2006 vero
1375 1935 1394 2004 7

46 2043 259 2130 §29)multis
281 2045 384 2110 modis
408 2045 447 2110 ad
470 2047 635 2110 civitatem
659 2043 837 2110 Romanam
858 2043 1064 2130 perrclniunt.
1088 2043 1208 2110 Statim
1232 2047 1344 2110 enims
1366 2027 1454 2115 ⁵⁸¹*l

141 2159 184 2216 'ex
215 2151 286 2236 lege
312 2149 404 2217 Aelia
426 2148 537 2215 Sentio
559 2151 586 2232 5)
610 2153 748 2230 minores
768 2150 773 2237 Ι
794 2153 927 2238 triginta
951 2171 1104 2216 annorum
1126 2153 1317 2216 manumissi
1340 2173 1353 2216 a

144 2261 177 2320 et
205 2254 300 2320 latini
329 2255 423 2338 facti,
456 2257 484 2320 si
503 2273 625 2321 uxores
655 2257 660 2340 Ι
693 2257 841 2320 duxerint
869 2255 923 2322 rel
953 2257 1037 2322 cives
1060 2256 1237 2333 Romanas,
1262 2255 1352 2323 vele

143 2361 260 2426 latinas
289 2359 490 2437 coloniarias,
512 2361 518 2446 Ι
538 2359 590 2426 vel
619 2362 760 2426 eiusdem
789 2361 996 2438 condicionis,
1022 2364 1112 2427 cuius
1135 2365 1165 2428 ei
1188 2363 1251 2446 ipsi
1273 2382 1318 2426 cs·
1341 2385 1353 2426 a

145 2471 233 2544 sent,
265 2467 359 2551 idque
383 2462 502 2540 testalti
524 2466 659 2544 fuerint,
685 2467 837 2557 adhibitis
859 2487 921 2531 non
943 2469 1051 2532 minus
1075 2488 1173 2553 quam
1195 2471 1317 2552 septem
1339 2487 1353 2532 a

144 2572 299 2655 testibus,
329 2568 459 2652 oirilbus
486 2569 640 2636 Romanis
670 2573 859 2658 puberibus,
884 2577 916 2636 et
939 2569 1044 2636 filium
1066 2574 1315 2658 procreaverint,
1338 2595 1351 2638 ι
1442 2553 1452 2570 Ἰ

13 2043 17 2050 ,
33 1941 44 2026 l

32 2051 43 2132 Ι

134 2926 333 2942 m

181 3002 211 3072 l)
230 2999 384 3055 Goudsmit.
402 2997 536 3054 indirecto
556 2999 585 3055 O.

180 3091 209 3161 2)
229 3089 263 3143 cl.
280 3089 344 3156 Ulp.
361 3087 419 3142 XX.
432 3089 475 3142 15.
485 3106 534 3158 pro
545 3092 607 3160 quic
616 3089 650 3144 0:
660 3114 693 3176 q,
704 3089 791 3144 sedin
802 3089 928 3160 sequenti
937 3107 1017 3145 versu
1027 3107 1086 3160 pro.
1097 3080 1213 3162 lug-d:
1223 3090 1324 3162 magis)

138 3197 186 3250 est
205 3181 281 3263 ω’ξιῖ
301 3192 449 3246 Aberravit
467 3193 563 3248 littera
581 3197 646 3264 post
665 3195 839 3268 undeviginti
860 3197 977 3252 litteras.

180 3283 208 3350 3)
227 3281 273 3335 hic
297 3283 372 3336 recte
398 3279 511 3336 additur
537 3283 660 3339 ›Roma’'
680 3286 715 3340 cf.
734 3289 752 3341 l.
773 3287 798 3340 2.
816 3305 858 3357 pr.
878 3287 904 3341 d.
924 3286 958 3341 de
976 3287 1060 3342 Verb.
1081 3285 1173 3356 signif.
1192 3285 1249 3356 (50.
1270 3286 1327 3358 66.)

137 3371 243 3447 ⁶Urbis'
268 3369 419 3440 appellatio
447 3372 545 3438 muris,
565 3373 686 3446 ‘Romae'
712 3379 808 3430 autem
833 3375 1039 3432 continentibus
1065 3374 1197 3430 aedificiis
1215 3373 1327 3440 finitur,

139 3460 220 3532 qnod
248 3461 332 3516 latius
360 3462 467 3530 patet''.
493 3462 588 3518 eadem
616 3464 739 3520 definitio
763 3468 805 3538 est
830 3468 848 3520 l.
878 3463 1155 3520 87.1.ibid.»eum
1175 3463 1327 3519 diceremur

139 3552 262 3606 Romam
281 3566 331 3605 nos
349 3549 405 3617 ire,
424 3552 535 3606 etiamsi
553 3555 633 3608 extra
651 3554 747 3610 urbem
767 3555 982 3609 habitaremus''.

181 3642 212 3712 4)
233 3657 342 3695 »versus
362 3640 398 3693 24
417 3641 553 3710 scripture
571 3645 666 3710 racat;
683 3643 829 3700 correctori
846 3646 940 3699 eutem
955 3643 1092 3700 debentur
1107 3659 1155 3708 ea,
1171 3659 1243 3712 quae
1255 3642 1328 3698 infra

140 3749 170 3785 v.
192 3730 229 3783 24
248 3731 417 3800 apparent'’=

182 3819 282 3873 »latini
301 3819 337 3873 sd
356 3819 470 3874 civitate
489 3821 615 3875 Romana
633 3821 787 3891 pueniant”

186 3909 214 3979 *)
235 3907 282 3961 »in
304 3908 407 3981 pagina
428 3909 558 3964 interiore
585 3910 607 3964 ei
631 3928 734 3981 paucos
758 3912 832 3968 locos
858 3912 995 3982 exceperis
1014 3911 1136 3982 plurima
1154 3912 1241 3968 etiam
1256 3929 1332 3966 nunc

138 4016 194 4071 pro
214 3998 298 4053 certis
316 3998 439 4071 dignosci
456 3999 599 4070 possunt”.

183 4090 214 4160 5)
235 4089 357 4164 (cantum
376 4092 433 4156 est,
452 4091 505 4160 ut).
526 4088 555 4144 C.
