2934 4608
181 62 228 130 62
505 59 644 128 manli.
666 80 711 126 rx.
736 60 799 146 §b
821 79 854 127 x.
867 83 919 146 pr.
938 63 1071 149 §§l,2.

230 249 417 320 Hactenus
439 251 612 347 tantisper
629 249 854 320 admonuisse
873 249 1048 338 sufficiat,
1067 247 1405 346 quemadmodum

180 361 346 459 singulae
370 387 428 432 res
454 361 705 459 adquiruntur:
730 389 810 432 nam
836 360 1033 459 legatorum
1051 363 1106 432 ius
1116 411 1129 451 ,
1149 388 1219 459 quo
1240 373 1276 432 et
1293 363 1377 457 ipso·

184 472 345 571 singulae
381 500 438 544 res
472 473 575 548 vobis
608 473 864 572 adquiruntur,
889 477 972 544 item
997 473 1371 560 fideicommissorum,

182 586 244 656 ubi
269 587 429 684 singulae
458 611 513 656 res
532 585 634 657 vobis
656 587 926 683 relinquuntur,
955 588 1186 681 opportunius
1204 586 1372 657 inferiori

184 697 265 769 loco
291 699 496 772 referemus.
537 699 718 771 videamus
743 701 862 797 itaque
887 722 1003 788 nunc,
1024 697 1287 796 quibusmodis
1306 725 1372 795 per

185 813 450 883 universitatem
475 837 532 883 res
561 811 664 883 vobis
689 808 933 909 adquiruntur.
978 813 1007 880 si
1035 813 1091 882 cui
1118 837 1205 909 ergo
1224 809 1394 881 heredes

186 922 273 994 faeti
308 925 385 996 sitis
410 926 483 995 sive
509 924 608 995 cuius
632 922 808 994 bonorum
833 924 1092 1021 possessionem
1119 923 1289 1020 petieritis
1316 923 1375 994 vel

191 1036 222 1106 si
256 1021 642 1138 quemsadrogaveritis
668 1035 721 1104 vel
751 1041 779 1102 si
810 1040 901 1103 cuius
931 1038 1013 1102 bona
1042 1036 1229 1103 libertatum
1254 1057 1377 1102 conser-

191 1150 370 1215 vandarum
405 1171 499 1216 causa
534 1151 626 1220 vobis
661 1149 786 1214 addicta
820 1149 957 1227 fuerint,
990 1149 1064 1218 eius
1101 1173 1305 1218 aesomnes
1330 1145 1382 1220 ad

190 1285 254 1331 vos
288 1271 482 1332 transeunt.
545 1287 586 1331 ao
624 1262 720 1356 prins
758 1259 802 1330 de
838 1259 1093 1332 hereditatibus
1137 1259 1385 1356 dispiciamus.

190 1398 340 1469 quarum
375 1372 504 1470 duplex
539 1371 703 1444 condicio
728 1387 801 1444 est:
828 1400 910 1444 narn
935 1375 991 1445 vel
1017 1399 1059 1444 cx
1084 1383 1298 1446 testamento
1322 1370 1382 1443 vel

189 1483 235 1555 ab
273 1485 438 1556 intestato
476 1484 522 1555 ad
560 1511 621 1556 vos
653 1487 841 1583 pertinent.
892 1497 929 1558 et
959 1489 1056 1583 prius
1088 1498 1156 1574 est,
1189 1496 1229 1555 ut
1254 1482 1300 1554 de
1323 1482 1386 1554 his

62 1679 67 1684 ,
191 1595 432 1694 dispiciamus,
458 1623 548 1693 quae
574 1597 676 1668 vohis
701 1609 976 1671 err-testamento
1002 1598 1209 1672 obveniunt
1248 1618 1325 1699 'qua
1344 1599 1385 1666 iu

196 1732 230 1778 re
253 1713 466 1779 necessarium
490 1717 538 1777 est
559 1713 653 1779 initio
676 1711 713 1776 de
738 1713 920 1780 ordinandis
941 1715 1141 1782 testamentis
1164 1731 1338 1796 exponere.⁴

765 1945 808 2008 X.

487 2111 538 2171 DE
560 2111 823 2208 adsentatus
844 2111 1090 2173 ORDINANDIS.

250 2275 492 2344 Testamentum
515 2295 554 2338 ex
578 2293 616 2337 eo
637 2272 831 2356 appellatur,
856 2273 939 2357 quod
962 2276 1090 2338 testatio
1113 2277 1240 2344 mentis,
1256 2281 1312 2339 est.

249 2379 312 2446 Sed
346 2386 384 2445 ut
416 2379 500 2444 nihil
534 2380 735 2463 antiquitatis
768 2381 895 2463 penitus
924 2382 1106 2466 ignoretur,
1138 2380 1305 2444 sciendum
1336 2383 1403 2442 ests

203 2487 282 2552 olim
314 2487 442 2571 quidem
466 2485 530 2550 duo
551 2505 669 2570 genera
691 2488 953 2548 testamentorum
978 2487 1013 2547 in
1036 2483 1234 2560 astitisse,
1259 2478 1395 2569 quorum

202 2591 301 2657 altero
331 2595 366 2656 in
396 2611 473 2676 pace
504 2596 536 2655 et
563 2592 598 2654 in
626 2592 692 2655 otio
715 2590 902 2666 utebantur,
927 2590 1011 2673 qnod
1034 2589 1146 2654 calatis
1168 2592 1310 2654 comitiis
1333 2609 1384 2674 ap-

200 2696 397 2782 pellabatur,
430 2696 546 2771 altero,
578 2713 652 2766 cum
685 2697 719 2756 in
742 2693 899 2778 proelium
924 2697 1042 2758 exituri
1065 2699 1181 2770 essent,
1209 2695 1293 2779 quod
1315 2714 1385 2780 pro·

202 2804 343 2866 cinctum
376 2801 551 2865 dicebatur.
598 2801 728 2864 accessit
758 2800 877 2864 deinde
901 2802 1033 2864 tertium
1057 2821 1159 2886 genus
1182 2805 1386 2864 testamentis

202 2927 294 2989 rum,
329 2906 413 2990 qnod
449 2905 613 2976 dicebatur
646 2925 703 2988 per
741 2925 792 2984 aes
827 2909 859 2968 et
892 2904 1027 2981 libram,
1064 2904 1188 2968 scilicet
1222 2907 1298 2988 quia
1332 2925 1387 2988 per

202 3013 506 3094 emancipationem,
550 3009 583 3073 id
618 3015 665 3073 est
699 3011 926 3096 imaginariam
959 3010 1116 3094 quandam
1152 3011 1384 3093 venditionem,

201 3115 357 3202 agebatur
383 3117 528 3199 quinque¹
552 3115 687 3179 testibus
710 3121 742 3179 et
765 3114 942 3200 libripende
965 3117 1090 3182 civibus
1113 3115 1266 3180 Romanis
1290 3117 1385 3200 pube·

201 3221 291 3284 ribus
321 3221 540 3304 praesentibus
572 3229 604 3284 et
635 3241 671 3285 eo
704 3224 758 3306 qui
789 3221 931 3288 familiae
963 3229 1087 3308 emptor
1111 3222 1285 3287 dicebatur.
1336 3221 1389 3286 sed

200 3325 260 3390 illa
300 3326 430 3410 quidem
463 3329 570 3410 priora
604 3326 667 3391 duo
700 3347 818 3412 genera
850 3331 1116 3395 testamentorum
1151 3349 1192 3392 ex·
1225 3327 1389 3394 veteribus

200 3431 401 3514 temporibus
434 3432 468 3496 in
499 3431 742 3499 desuetudinem
773 3433 935 3499 abierunt:
968 3434 1052 3519 quod
1081 3453 1156 3499 vero
1184 3454 1242 3517 per
1273 3453 1326 3498 aes
1358 3437 1388 3498 et

199 3535 318 3600 libram
350 3534 463 3615 fiebat,
491 3535 568 3602 licet
599 3538 722 3602 diutius
749 3539 941 3621 permansit,
967 3544 1109 3603 attamen
1130 3541 1250 3623 partim
1274 3543 1307 3602 et
1329 3539 1389 3602 hoc

201 3642 237 3704 in
266 3661 328 3704 usu
360 3661 427 3706 esse
459 3643 563 3707 desiit.
611 3641 674 3708 Sed
704 3643 865 3727 praedicta
892 3642 1023 3728 quidem
1054 3647 1185 3708 nomina
1216 3649 1412 3709 testamen-s

201 3751 307 3810 torum
337 3746 376 3811 ad
408 3748 459 3811 ius
490 3747 586 3814 civile
608 3748 833 3812 referebantur.
879 3753 989 3834 postea
1010 3769 1086 3814 vero
1111 3770 1150 3814 ex
1173 3747 1278 3814 edicto
1301 3769 1388 3833 prae

199 3853 279 3915 toris
323 3851 386 3915 alia
418 3851 522 3917 forma
555 3853 772 3918 faciendorum
808 3858 1072 3919 testamentorum
1106 3854 1291 3918 introducta
1325 3859 1387 3918 est:

205 3957 274 4020 iure
301 3957 388 4021 enim
416 3956 581 4022 honorario
612 3957 703 4022 nulla
735 3961 946 4043 emancipatio
976 3959 1235 4037 desiderabatur,
1268 3959 1325 4024 sed
1347 3981 1391 4025 se-

200 4067 291 4146 ptem
321 4063 455 4126 testium
479 4065 572 4150 signa
594 4063 809 4141 sufficiebant,
834 4083 910 4129 cum
932 4065 1001 4128 iure
1025 4065 1115 4130 civili
1138 4067 1234 4151 signa
1256 4067 1392 4130 testium
