2894 4616
240 33 305 104 416
634 47 719 98 rnsr.
742 31 797 116 tl,
820 49 876 100 m.
902 32 923 114 ἓ
946 29 982 114 1,
1007 28 1039 96 2.

238 231 363 300 minari.
410 220 494 296 Non
524 247 646 294 omnes
671 230 790 292 antem
811 219 987 305 actiones,
1013 220 1163 316 quaein
1188 219 1322 318 aliquem
1340 243 1378 299 ant

242 339 321 435 ipso
345 337 420 408 iure
447 346 648 433 competunt
673 343 734 404 aut
758 343 960 430 apraetore
981 331 1126 426 dantur,
1146 343 1181 403 et
1202 335 1238 402 in
1257 333 1378 409 heredem

236 475 349 549 aeque
384 459 591 546 competunt
626 458 687 519 ant
723 445 799 518 dari
835 444 961 516 solent.
1012 455 1066 516 est
1103 447 1198 516 enim
1231 451 1379 521 certissima

235 565 321 636 iuris
353 563 476 662 regula
508 589 551 632 ex
583 560 767 632 maleliniis
799 559 965 656 poenales
999 560 1157 630 actiones
1189 561 1227 630 in
1258 561 1380 636 heroden

107 729 123 748 .
237 701 310 748 non
359 687 579 773 competere,
629 673 737 745 veluti
781 673 883 762 furti,
928 673 963 744 vi
1005 672 1179 743 bonorum
1225 686 1381 771 raptorum,

242 789 469 874 iniuriarum,
517 786 638 858 damni
679 787 837 857 iniuriae.
891 785 962 864 ,sed
1000 785 1189 858 heredibus
1229 786 1383 860 huiusmodi

236 903 394 974 actiones
428 912 630 999 competunt
664 927 729 973 nen
765 899 1004 998 denegantur,
1037 913 1182 997 excepta
1222 902 1382 975 iniuriarum

235 1015 375 1087 actione
401 1025 436 1086 et
457 1017 487 1086 si
508 1042 578 1114 qna
603 1005 671 1086 alia
699 1013 824 1086 similis
849 997 1056 1089 inveniatur.
1092 1014 1283 1114 aliquando
1304 1026 1383 1086 tanen

234 1129 340 1200 etiam
374 1151 417 1198 ex
451 1137 636 1200 contractu
669 1129 762 1201 aetio
797 1139 921 1200 contra
946 1125 1113 1199 heredem
1140 1154 1214 1198 non
1240 1131 1383 1224 competit,

237 1264 311 1309 oum
335 1246 468 1308 testator
490 1242 597 1310 dolose
619 1248 764 1311 versatus
787 1247 830 1309 sit
850 1249 882 1308 et
905 1244 945 1309 ad
968 1243 1117 1310 heredem
1142 1243 1212 1308 eius
1232 1243 1307 1306 nihil
1323 1265 1383 1307 eree

239 1347 311 1415 dolo
335 1350 524 1436 pervenerit.
573 1349 719 1435 poenales
743 1355 851 1416 autem
875 1352 1030 1427 notiones,
1056 1371 1133 1436 quas
1153 1370 1250 1434 supro
1269 1350 1383 1432 diximus,

240 1457 269 1520 si
300 1455 340 1519 ab
372 1454 450 1540 ipsis
482 1454 709 1542 principalibus
738 1456 879 1542 personis
910 1455 1030 1521 fuerint
1053 1460 1262 1529 oontestatae,
1286 1455 1385 1519 ethere

237 1569 331 1636 dibus
354 1568 470 1636 dantur
493 1575 525 1633 et
548 1573 658 1634 eontra
679 1569 809 1635 heredes
833 1574 1006 1635 transeunt.
1032 1560 1205 1658 Superest
1229 1571 1268 1630 ut
1289 1559 1399 1629 admo-r

237 1700 406 1760 neamus,
440 1671 536 1772 qnod
570 1673 601 1744 si
626 1683 708 1744 ante
736 1699 810 1744 rem
837 1673 1027 1746 indicatam
1053 1675 1191 1743 iseum
1218 1699 1287 1771 quo
1309 1683 1386 1743 aetnn

236 1798 290 1860 est
321 1785 516 1860 satisfaciat
548 1788 683 1881 actori,
707 1786 823 1861 officio
849 1785 976 1860 iudicis
1002 1786 1170 1858 convenit
1195 1813 1274 1858 eum
1298 1785 1386 1854 absol-

234 1925 339 1986 vere,
366 1902 446 1972 lieet
469 1899 595 1972 iudicii
619 1899 819 1997 aecipiendi
844 1911 1001 1998 tempore
1027 1901 1063 1971 in
1089 1925 1132 1970 ea
1157 1925 1267 1973 eausa
1290 1899 1385 1984 linisset,

235 2025 275 2085 nt
299 2012 461 2086 damnari
485 2011 632 2086 debeat:
661 2024 697 2086 et
717 2011 786 2085 hoo
809 2024 880 2102 est,
904 2013 1000 2112 qnod
1022 2026 1094 2088 ante
1113 2013 1227 2112 vulgo
1248 2011 1387 2086 dieehanr

233 2127 354 2202 omnia
376 2123 506 2199 iudicia
530 2123 746 2200 absolutoria
774 2151 864 2200 osse.
