2916 4604
197 26 263 100 148
374 1 377 5 ’
568 45 653 103 mm.
673 27 714 103 11.
738 44 832 102 mm.
852 27 939 123 554,
964 27 996 102 5.

240 223 291 294 Et
314 224 352 293 in
375 222 531 295 Neronis
551 224 693 323 quidem
717 224 935 322 temporibus
956 222 1141 294 Trebellio
1161 220 1318 296 Maximo
1338 231 1384 296 etr

192 335 345 406 Annaeo
371 339 510 409 Seneca
538 336 744 409 consulibus
766 347 908 415 senatus
932 336 1132 407 consultum
1153 337 1367 429 factumest,

191 475 262 548 quo
295 460 436 521 cautum
470 462 544 542 est,
562 461 621 543 ut,
647 452 677 521 si
701 448 880 522 hereditas
907 476 950 520 cx
974 449 1243 520 fideicommissi
1271 477 1367 520 eausa

191 565 350 634 restituta
384 565 448 649 sit,
481 590 605 634 omnes
621 595 623 598 ·
638 564 815 655 actioneS,
852 588 942 660 quae
967 564 1042 632 iure
1073 563 1170 634 civili
1197 562 1317 633 heredi
1340 573 1369 632 et

190 679 228 745 in
262 674 429 747 heredem
459 686 716 773 competerent,
743 677 776 745 ei
804 686 839 746 ct
863 677 902 745 in
927 702 1006 746 eum
1034 674 1219 770 darentur,
1248 675 1305 746 eni
1328 701 1364 745 ex

192 788 469 861 fideicommisso
495 780 653 859 restituta
672 798 765 858 esset
785 786 977 859 hereditas.
1017 797 1098 885 post
1119 787 1214 885 quod
1238 798 1370 858 senatus

191 902 391 974 consultum
416 912 558 1001 praetor
581 901 686 971 utiles
713 902 871 972 actiones
892 903 924 971 ei
946 903 1037 972 etin
1059 927 1138 971 eum
1160 902 1221 999 qui
1244 903 1371 996 recepit

191 1014 422 1086 hereditatem
448 1015 547 1114 quasi
574 1013 695 1085 heredi
721 1024 757 1084 et
782 1015 819 1084 in
839 1013 1005 1084 heredem
1028 1013 1113 1084 dare
1136 1015 1264 1111 coepit.
1303 1013 1389 1084 Seds

191 1129 273 1228 qnia
298 1127 447 1200 heredes
464 1129 609 1224 scripti,
633 1154 712 1198 cum
737 1138 798 1198 aut
817 1138 927 1199 totam
949 1125 1179 1198 hereditatem
1194 1138 1254 1198 aut
1265 1152 1370 1224 paene

189 1251 298 1313 totam
324 1239 529 1340 plerumque
554 1243 737 1312 restituere
763 1241 996 1341 rogabantur,
1025 1239 1122 1310 adire
1143 1239 1369 1311 hereditatem

108 1425 111 1448 ζ
191 1353 238 1428 ob
273 1352 407 1425 nullum
440 1353 498 1425 vel
528 1353 710 1424 minimum
735 1353 872 1425 lucrum
899 1349 1111 1426 recusabant
1135 1365 1240 1451 atque
1267 1351 1315 1424 ob
1339 1351 1370 1421 id

191 1465 486 1567 extinguebantur
511 1464 806 1538 fideicommissa:
837 1477 959 1565 postea
986 1465 1198 1563 Vespasiani
1219 1466 1371 1564 Augusti

190 1580 409 1679 temporibus
434 1577 577 1678 Pegaso
604 1592 639 1652 et
655 1582 813 1652 Pusione
834 1579 1037 1652 consulibus
1056 1591 1198 1652 senatus
1218 1581 1372 1676 censuit,

191 1706 230 1764 ut
263 1695 315 1788 ei,
349 1694 410 1792 qui
443 1705 587 1791 rogatus
618 1704 713 1765 esset
742 1692 971 1764 hereditatem
997 1695 1198 1787 restituere,
1227 1693 1371 1791 perinde

186 1804 311 1878 liceret
344 1818 503 1905 quartam
537 1818 673 1904 partem
701 1807 871 1900 retinere,
906 1817 1010 1903 atque
1036 1805 1117 1904 lege
1142 1807 1309 1882 Falcidia
1334 1833 1372 1878 ex

187 1917 315 2018 legatis
348 1920 500 1990 retinere
536 1919 753 1992 conceditur.
805 1945 846 1989 ex
887 1918 1036 2017 singulis
1074 1946 1214 2017 quoque
1249 1920 1372 2014 rebus,

188 2057 278 2129 quae
309 2057 374 2128 per
407 2031 720 2103 fideicommissum
757 2031 1024 2129 relinquuntur,
1062 2032 1184 2103 eadem
1223 2035 1371 2105 retentio

188 2146 357 2241 permissa
394 2157 457 2216 est.
508 2157 588 2241 post
621 2141 725 2244 quod
750 2143 893 2216 senatus
929 2144 1128 2216 consultum
1162 2147 1238 2243 ipse
1273 2146 1373 2218 heres

187 2283 294 2328 onera
320 2255 532 2328 hereditaria
559 2258 772 2329 sustinebat:
793 2257 853 2330 ille
872 2261 1093 2357 autem,;qui
1115 2285 1157 2329 ex
1180 2259 1373 2331 fideicom-

188 2372 297 2442 misso
330 2373 464 2468 recepit
500 2382 635 2469 partem
667 2371 897 2462 hereditatis,
923 2373 1085 2472 legatarii
1111 2375 1268 2470 partiarii
1296 2374 1373 2445 loco

187 2496 284 2574 erat,
319 2485 356 2554 id
387 2496 440 2556 est
474 2487 547 2556 eius
576 2485 760 2584 legatarii,
788 2487 845 2556 cui
870 2509 951 2583 pars
976 2483 1151 2557 bonorum
1176 2486 1372 2586 legabatur

189 2622 279 2693 quae
313 2601 449 2695 species
481 2597 591 2696 legati
624 2599 766 2694 partitio
797 2597 1007 2688 vocabatur,
1035 2601 1118 2697 quia
1140 2593 1228 2672 cum
1246 2599 1374 2673 herede

186 2708 377 2808 legatarius
411 2709 628 2807 partiebatur
667 2709 918 2798 hereditatem,
954 2711 1049 2782 unde
1083 2740 1174 2812 quae
1213 2712 1374 2786 solebant

188 2821 431 2919 stipulationes
451 2823 543 2893 inter
565 2820 732 2894 heredem
755 2834 791 2895 et
806 2824 1021 2922 partiariumv
1034 2825 1243 2924 legatarium
1267 2829 1374 2898 inter·

189 2937 294 3031 poni,
329 2935 473 3006 eaedem
506 2936 821 3032 interponebantur
852 2939 944 3008 iuter
976 2964 1075 3034 eum,
1110 2941 1170 3038 qui
1208 2967 1250 3012 ex
1276 2940 1372 3011 fidei·

159 3037 162 3042 *
189 3049 380 3118 commisso
414 3050 548 3145 recepit
581 3048 828 3146 hereditatem,
860 3063 895 3123 et
919 3049 1106 3148 heredem,
1131 3053 1169 3123 id
1197 3065 1315 3126 estut
1342 3062 1373 3124 et

186 3158 324 3232 lucrum
355 3167 404 3232 et'
420 3161 586 3233 damnum
610 3162 860 3238 hereditarium
886 3193 951 3262 pro
979 3177 1055 3237 rata
1080 3180 1186 3263 parte'
1202 3168 1295 3239 iuter
1314 3193 1372 3240 eos

188 3299 373 3354 commune
399 3275 455 3348 sit.
573 3373 576 3378 ,
