2880 4614
161 61 227 138 252
516 91 600 140 ruer.
622 71 678 136 Ill.
702 89 771 138 x1x.
797 69 966 156 §se-13.

165 268 224 332 sub
256 263 437 331 condicione
459 261 512 328 vel
535 264 570 328 in
593 263 678 327 diem
700 259 868 346 stipulanti
891 265 928 326 tu
950 260 1153 346 respondeas:
1180 257 1347 347 ‘praesenti

164 373 215 436 die
240 368 395 455 spondeo'.
440 390 517 433 nam
539 371 566 433 si
585 369 645 434 hoc
669 366 773 432 solum
797 365 982 450 respondeas
1004 367 1188 452 ‘promitto',
1207 368 1349 432 breviter

165 477 284 543 videris
306 477 339 540 in
363 473 494 540 eandem
519 473 605 538 diem
628 477 683 538 aut
707 472 923 538 condicionem
943 474 1162 556 spopondisse,
1183 495 1242 537 nec
1262 473 1352 536 enim

164 601 288 648 necesse
319 585 366 645 est
395 582 429 644 in
460 579 674 666 respondendo
705 579 815 643 eadem
839 579 946 644 omnia
968 581 1085 664 repeti,
1111 600 1190 662 qnae
1213 576 1350 662 stipula

165 693 215 754 tor
238 688 433 772 expresserit.
485 685 577 755 Item
611 683 745 754 inutilis
772 694 825 752 est
849 682 1051 779 stipulatio,
1080 683 1109 752 si
1135 682 1180 752 ab
1207 707 1251 752 eo
1277 682 1378 754 sti-e

164 797 318 894 pulcris,
352 799 412 894 qui
444 799 512 868 iuri
546 809 606 869 tuo
642 796 820 868 subiectus
856 806 928 888 est,
953 795 1011 866 vel
1048 797 1079 864 si
1109 797 1141 864 is
1175 822 1194 864 a
1221 805 1256 864 te
1282 794 1360 863 sti-

163 910 314 1008 puletur.
366 909 430 980 sed
456 937 577 982 servus
602 909 745 1007 quidem
772 935 842 980 non
865 907 980 979 solum
999 907 1144 979 domino
1163 933 1228 978 suo
1247 905 1359 977 obli-

165 1025 242 1121 gari
275 1049 348 1094 non
381 1033 518 1120 potest,
553 1021 615 1094 sed
650 1049 695 1093 ne
731 1021 792 1093 alii
827 1020 969 1119 quidem
997 1021 1080 1090 ulli:
1105 1021 1165 1086 filii
1199 1042 1276 1087 vero
1315 1021 1360 1084 fa
1436 1043 1437 1052 ¹

163 1137 272 1203 miliae
295 1138 367 1203 aliis
400 1136 537 1226 obligari
559 1142 702 1223 possunt.
753 1135 893 1205 Mutum
919 1161 1033 1232 neque
1059 1132 1217 1230 stipulari
1239 1159 1383 1230 nequer
1436 1169 1437 1172 ¹

164 1250 368 1347 promittere
406 1275 511 1346 posse
549 1249 666 1344 palam
705 1260 768 1319 est.
821 1247 917 1346 qnod
955 1258 990 1318 et
1027 1250 1063 1316 in
1101 1246 1209 1318 surdo
1242 1273 1361 1317 rece-

165 1372 263 1459 ptum
301 1372 371 1434 est:
409 1364 490 1460 qnia
528 1371 564 1431 et
594 1363 624 1432 is
657 1364 718 1459 qui
754 1360 940 1457 stipulatur
975 1358 1083 1432 verba
1118 1361 1363 1458 promittentis

166 1484 202 1544 et
230 1476 261 1545 is
295 1476 355 1572 qui
388 1475 561 1570 promittit
591 1473 701 1545 verba
727 1474 928 1571 stipulantis
953 1473 1075 1545 audire
1099 1474 1219 1547 debet.
1272 1476 1363 1540 unde

168 1594 298 1674 apparet
327 1609 391 1654 non
422 1590 461 1653 de
492 1611 528 1656 eo
558 1610 614 1655 nos
643 1589 732 1674 loqui
763 1591 819 1674 qui
851 1590 972 1654 tardius
1005 1590 1151 1667 exaudit,
1176 1588 1298 1653 sedda
1325 1609 1361 1653 eo

168 1696 224 1779 qui
258 1695 385 1760 omnino
420 1715 483 1760 non
517 1695 656 1761 exaudit.
708 1693 880 1766 Furiosus
914 1693 1049 1764 nullum
1081 1694 1259 1792 negotium
1298 1719 1385 1790 gea

166 1831 244 1878 rere
269 1817 406 1903 potest,
433 1808 514 1904 quia
541 1834 613 1879 non
635 1807 812 1906 intellegit
834 1805 920 1904 qnid
941 1809 1028 1905 agit.
1066 1805 1231 1903 Pupillus
1251 1828 1387 1875 omncs

167 1920 348 2017 negotium
382 1930 478 1990 recte
512 1923 624 2018 gerit:
649 1931 688 1990 ut
712 1931 849 2013 tamen,
874 1917 988 1990 sicubi
1014 1921 1142 1991 tutoris
1167 1917 1364 1990 auctoritas

169 2033 370 2103 necessaria
401 2034 466 2124 sit,
497 2033 707 2104 adhibeatur
731 2043 842 2116 tutor,
869 2032 978 2105 veluti
1004 2036 1033 2104 si
1060 2035 1136 2129 ipse
1163 2031 1364 2130 obligetur:

172 2172 254 2215 nam
281 2145 388 2215 alium
414 2144 482 2216 sibi
508 2143 667 2244 obligare
692 2148 797 2217 etiam
825 2147 901 2216 sine
923 2148 1049 2218 tutoris
1067 2148 1274 2219 auctoritate
1299 2171 1363 2241 po·

78 2312 81 2318 -
171 2267 250 2330 test.
303 2257 378 2330 Sed
403 2258 499 2356 quod
524 2258 675 2330 diximus
701 2258 745 2329 de
771 2258 933 2356 pupillis,
955 2261 1075 2356 utiquc
1097 2259 1142 2330 de
1160 2258 1214 2330 his
1233 2283 1395 2330 verumlo

173 2381 245 2465 est,
276 2373 336 2469 qui
367 2373 437 2442 iam
464 2371 617 2470 aliquem
644 2371 861 2444 intellectum
889 2369 1043 2443 habent:
1072 2400 1153 2443 nam
1180 2371 1302 2441 infans
1330 2380 1363 2440 et

169 2486 230 2583 qui
255 2484 382 2555 infanti
404 2487 583 2581 proximus
607 2496 661 2556 est
677 2511 750 2556 non
764 2485 912 2556 multum
925 2513 946 2556 a
962 2485 1098 2556 furioso
1111 2485 1258 2569 distant,
1275 2485 1358 2581 quia

170 2598 273 2669 huius
303 2601 427 2670 aetatis
457 2598 582 2694 pupilli
615 2598 751 2668 nullum
785 2598 1005 2670 intellectum
1041 2597 1194 2669 habent:
1227 2595 1293 2667 sed
1326 2599 1359 2664 in

169 2711 339 2807 proximis
374 2711 502 2781 infanti
527 2722 670 2808 propter
696 2712 881 2782 utilitatem
909 2739 1030 2783 eornm
1055 2709 1247 2808 benignior
1273 2711 1358 2779 iuris

170 2825 410 2919 interpretatio
444 2823 539 2894 faeta
574 2835 648 2916 est,
677 2831 714 2890 ut
743 2826 828 2892 idem
858 2829 937 2891 iuris
957 2827 1111 2902 habeant,
1137 2824 1220 2910 quod
1244 2825 1357 2908 puber-

172 2938 232 3001 tati
261 2939 409 3022 proximi.
454 2938 512 3002 sed
543 2941 598 3022 qui
628 2941 663 3002 in
691 2942 831 3024 parentis
862 2943 1017 3025 potestate
1042 2945 1089 3004 est
1112 2938 1277 3022 impubes,
1303 2957 1356 3000 nec

172 3047 299 3107 auctore
330 3042 461 3126 quidem
483 3048 572 3126 patre
594 3042 767 3130 obligatur.
814 3045 850 3110 Si
872 3045 1083 3130 impossibilis
1106 3043 1248 3108 condicio
1272 3042 1381 3106 obli-n

172 3148 355 3233 gationibus
381 3147 553 3230 adiciatur,
577 3148 661 3213 nihil
684 3150 771 3215 valet
794 3152 969 3235 stipulatio.
1016 3149 1226 3236 impossibilis
1251 3153 1355 3212 autem

173 3253 313 3318 condicio
331 3253 486 3330 habetur,
508 3257 560 3318 cui
578 3261 693 3320 natura
708 3238 1014 3342 impedimenteest,
1026 3278 1088 3343 quo
1101 3259 1209 3320 minus
1223 3257 1352 3329 existat,

172 3357 274 3422 veluti
296 3360 324 3422 si
346 3360 417 3442 quis
440 3360 487 3422 ita
510 3360 642 3424 dixerit:
673 3363 708 3424 ‘si
732 3362 834 3448 digito
857 3363 978 3428 eaelum
999 3367 1150 3450 attigero,
1174 3362 1249 3425 dare
1269 3381 1354 3444 spon·

172 3460 254 3528 desl’
287 3468 319 3527 at.
346 3466 373 3527 si
398 3466 445 3528 ita
468 3465 655 3551 stipuletur,
683 3469 720 3530 ‘si
744 3467 848 3554 digito
872 3468 996 3533 eaelum
1018 3490 1079 3533 non
1103 3471 1261 3554 attigero,
1287 3467 1353 3530 dare

173 3565 336 3654 spondesl’
359 3590 438 3653 pure
461 3571 543 3634 sacta
567 3570 722 3658 obligatio
745 3571 947 3660 intellegitur
971 3574 1103 3658 ideoque
1127 3577 1240 3638 statim
1253 3577 1352 3656 petere

172 3680 285 3760 potest.
332 3674 414 3740 Item
438 3675 607 3740 verborum
628 3676 782 3763 obligatio
801 3680 1046 3744 interabsentes
1064 3683 1213 3763 concepta
1230 3677 1350 3741 inutilis
1360 3694 1377 3736 e

172 3786 227 3845 est.
265 3781 319 3846 sed
344 3804 417 3847 cum
441 3783 500 3846 hoo
524 3785 692 3847 materiam
712 3783 821 3848 litium
843 3787 1046 3850 contentiosis
1067 3785 1252 3850 hominibus
1271 3803 1351 3868 prae

173 3886 293 3964 stabat,
320 3888 399 3953 forte
422 3892 495 3973 post
518 3893 645 3973 tempus
668 3888 747 3954 tales
771 3889 976 3977 allegationes
997 3890 1226 3976 opponentibus
1247 3893 1279 3953 et
1296 3907 1350 3951 nou

173 3998 350 4075 praesentes
374 4013 440 4057 esse
463 3993 516 4060 vel
536 4016 568 4059 se
592 3994 644 4059 vel
668 3996 863 4061 adversarios
886 4017 960 4062 suos
983 3995 1262 4063 contendentibus:
1287 3993 1350 4056 ideo

172 4102 279 4166 nostra
310 4101 494 4166 constitutio
527 4107 654 4187 propter
681 4101 876 4170 celeritatem
900 4105 1150 4171 dirimendarum
1173 4101 1286 4168 litium
1308 4100 1348 4164 in-
