2880 4614
37 3653 82 3672 Α

198 2 264 71 230
606 21 689 73 rusr.
712 3 770 70 111.
794 25 827 74 a.
852 4 888 94 §t
901 4 999 73 1-3.

764 697 805 764 X.

401 869 451 926 na
471 829 745 939 anomsrrronn
766 867 840 926 rna
859 866 1173 926 anaoaanonnn.

239 1027 308 1098 list
350 1039 386 1099 et
422 1029 566 1100 alterius
605 1031 746 1126 generis
782 1055 846 1126 per
882 1029 1145 1100 universitatem
1183 1026 1363 1116 successio,

193 1167 283 1238 quae
328 1168 441 1239 neque
476 1142 556 1239 lege
594 1141 782 1212 duodecim
819 1141 1017 1212 tabularum
1055 1167 1169 1239 neque
1207 1140 1364 1236 praetoris

195 1252 331 1340 edicto,
358 1253 419 1324 sed
447 1281 489 1325 eo
516 1257 611 1340 iure,
638 1255 733 1353 quod
761 1281 936 1326 consensu
962 1265 1143 1351 receptum
1169 1263 1245 1338 est,
1268 1254 1364 1322 intro·

193 1364 298 1436 dueta
329 1377 392 1437 est.
443 1369 542 1439 Eece
577 1370 669 1438 enirn
696 1394 776 1438 eum
805 1366 1082 1465 paterfamilias
1109 1392 1186 1437 sese
1211 1367 1251 1434 in
1276 1363 1379 1434 adro-o

193 1479 371 1575 gationem
404 1480 483 1574 dat,
513 1507 634 1551 omnes
660 1507 717 1551 res
744 1482 818 1551 eins
845 1479 1048 1577 corporales
1074 1489 1109 1549 et
1133 1475 1365 1574 incorporales

194 1618 354 1689 quaeque
396 1593 427 1662 ei
473 1593 612 1664 debitae
651 1606 733 1664 sunt
765 1593 968 1691 adrogatori
999 1600 1071 1660 ante
1107 1594 1237 1679 quidem
1271 1589 1364 1687 pleno

195 1705 269 1774 inre
303 1704 599 1802 adquirebantur,
632 1708 787 1804 exceptis
822 1707 878 1778 bis
914 1733 1003 1804 quae
1028 1733 1092 1803 per
1117 1707 1245 1802 capitis
1273 1703 1366 1774 derni-

195 1818 375 1888 nutionem
409 1832 574 1915 pereunt,
609 1821 732 1919 quales
762 1830 844 1891 sunt
869 1846 1053 1916 operarum
1080 1817 1318 1917 obligationes
1341 1828 1365 1886 et

194 1931 248 2000 ius
274 1929 509 2028 adgnationis.
557 1957 633 2000 usus
656 1938 774 2000 etenim
798 1939 830 2000 et
852 1955 929 1999 usus
952 1935 1086 2012 fruetus,
1113 1934 1189 1999 lieet
1212 1934 1267 1997 his
1287 1939 1364 1997 antea

197 2047 519 2122 remunerabantur,
545 2053 686 2113 attamen
709 2051 822 2133 capitis
844 2049 1061 2114 deminutione
1079 2047 1214 2110 minima
1235 2065 1289 2108 eos
1308 2038 1365 2109 tolli

195 2154 301 2216 nostra
325 2151 489 2235 prohibuit
512 2157 707 2220 constitutio.
754 2155 847 2220 Nune
871 2159 980 2219 autem
1002 2173 1059 2218 nos
1082 2153 1215 2218 eandem
1241 2152 1364 2236 adquisi-

197 2257 334 2331 tionem,
363 2278 442 2341 qnae
464 2281 520 2344 per
543 2260 781 2347 adrogationem
802 2258 913 2342 fiebat,
934 2261 1147 2324 coartavimns
1167 2258 1206 2322 ad
1225 2255 1365 2321 similito-

197 2361 304 2426 dinem
332 2364 528 2429 naturalium
552 2372 738 2451 parentum:
768 2365 851 2430 nihil
885 2367 1004 2430 etenim
1033 2363 1121 2428 aliud
1151 2365 1213 2441 nisi
1238 2367 1364 2427 tantun·

196 2469 291 2532 modo
313 2489 389 2534 usus
412 2471 534 2536 fruetus
555 2477 623 2549 tam
647 2471 846 2537 naturalibus
869 2472 1012 2557 patribus
1032 2491 1128 2558 qnam
1148 2470 1308 2554 adoptivis
1323 2487 1365 2552 por

192 2569 274 2638 filios
309 2575 448 2642 familias
483 2579 662 2664 adquiritur
692 2580 726 2642 in
760 2579 810 2642 his
841 2577 950 2654 rebus,
983 2597 1062 2661 quae
1085 2577 1283 2640 extrinsecus
1305 2571 1364 2636 filiis

196 2678 385 2759 obveniunt,
423 2683 562 2766 dominio
598 2687 643 2750 eis
676 2684 801 2773 integro
836 2688 977 2749 servato:
1013 2688 1140 2762 mortno
1171 2683 1283 2780 autem
1312 2677 1363 2742 filio

196 2785 347 2873 adrogato
378 2791 412 2852 in
442 2789 591 2875 adoptiva
623 2791 744 2856 familia
768 2794 866 2855 etiam
890 2791 1068 2855 dominium
1092 2790 1160 2853 eius
1184 2787 1223 2852 ad
1250 2787 1363 2871 adroga-

195 2895 297 2956 torem
332 2897 461 2965 transit,
497 2897 559 2959 nisi
595 2900 754 2980 supersint
784 2897 864 2962 aliae
891 2909 1058 2983 personae,
1090 2912 1170 2979 quae
1201 2911 1242 2958 ex
1267 2897 1363 2958 :nostra

197 3002 297 3062 constr
288 3000 421 3064 'tutione
440 2997 591 3085 patrem
582 3019 616 3066 an
635 3003 685 3066 his
705 3023 784 3088 qnae
801 3002 928 3087 adquiri
946 3022 1009 3066 non
1023 3005 1158 3124 possunt
1144 2999 1359 3064 itanteeednn

197 3101 259 3166 aad
283 3128 325 3172 ex
352 3102 493 3174 diverso
513 3129 570 3192 pro
589 3130 641 3183 ea,
662 3107 787 3212 quod
778 3134 808 3177 rs
832 3105 955 3208 debuit
973 3105 1033 3204 qui
1047 3107 1134 3175 sein
1148 3103 1374 3201 adoptionem

195 3212 293 3284 dedit
299 3219 401 3306 ,ipso
425 3220 584 3304 quidem
575 3243 644 3285 rure
664 3206 795 3308 adrogat
798 3243 832 3286 or
851 3242 913 3285 non
931 3223 1072 3295 tenetur,
1094 3219 1149 3283 sed
1167 3221 1295 3284 nomine
1313 3213 1359 3278 filii

167 3331 454 3408 convenituret,
480 3335 508 3396 si
531 3332 669 3398 noluerit
656 3339 760 3399 teum
785 3336 966 3409 defendere,
992 3333 1204 3428 permittitur
1225 3328 1359 3402 credito·

192 3437 290 3509 ribus
320 3463 377 3528 per
405 3449 617 3529 competentes
648 3468 704 3512 nos
707 3451 770 3512 tros
802 3450 956 3533 magistra
957 3451 1009 3512 tus
1039 3447 1136 3523 bona,
1162 3467 1243 3532 quae
1266 3462 1357 3509 eornm

196 3573 268 3616 eum
296 3573 357 3618 usu
388 3553 470 3620 fruet
457 3561 494 3620 tu
524 3557 574 3620 fut
560 3561 632 3622 tura
655 3557 805 3634 firissent,
832 3557 861 3626 si
888 3584 925 3627 se
952 3557 1103 3628 alieno
1093 3559 1161 3627 ruri
1189 3581 1260 3628 non
1287 3552 1357 3626 snb·

192 3661 375 3744 iecissent,
400 3667 558 3751 possidere
582 3674 614 3733 et
634 3668 784 3755 legitimo
808 3672 902 3738 modo
926 3691 963 3738 aa
986 3673 1160 3758 disponere.
