2880 4614
198 60 266 132 286
566 83 651 133 rose.
676 65 733 131 ΙΙΙ.
759 83 847 132 xxvi.
873 63 1021 151 §Me-7.

197 256 348 320 monibus
372 256 493 319 suiset
517 253 594 320 Titii
617 259 756 343 negotiis
779 255 925 343 gerendis
949 256 1010 319 tibi
1029 255 1179 339 mandet,
1200 255 1253 320 vel
1272 255 1370 320 utsibi

198 369 230 426 et
264 361 350 426 Titio
384 361 522 425 fundum
553 383 689 438 emeres,
722 362 775 428 vel
806 367 844 425 ut
874 382 930 446 pro
963 383 999 426 eo
1030 367 1061 426 et
1094 360 1181 426 Titio
1205 362 1371 446 sponderes.

197 467 267 532 Tua
290 473 322 532 et
347 468 462 544 aliena,
488 467 591 533 veluti
614 470 641 532 si
665 469 725 532 tibi
744 469 890 538 mandet,
911 473 947 530 ut
968 467 1053 531 'Pitio
1072 469 1131 532 sub
1152 469 1258 534 usuris
1279 468 1388 533 crede-s

125 609 128 614 ·
196 595 257 638 res.
307 575 419 658 quodsi
449 579 487 638 ut
518 577 584 639 sine
614 578 720 638 usuris
743 575 900 649 crederes,
927 573 1030 637 aliena
1054 579 1194 646 tantum¹
1207 575 1313 660 gretia
1335 576 1374 636 in-

197 680 329 744 tercedit
359 681 559 745 mandatum.
607 679 676 745 Tua
706 683 811 767 gratie
840 681 1013 744 intervenit
1044 680 1251 764 mandatum,
1280 679 1389 744 velutin

198 788 226 850 si
258 787 318 851 tibi
349 787 497 870 mandet,
528 791 566 850 ut
588 790 736 868 pecunias
759 791 831 851 tuas
854 789 961 871 potius
983 788 1017 848 in
1040 787 1218 869 emptiones
1241 785 1375 872 praedio

197 907 270 954 rum
302 891 450 968 oollooes,
483 913 579 976 quam
604 873 741 975 feneres,
766 891 819 956 vei
842 913 881 955 ex
904 892 1029 958 diverso
1053 895 1089 955 ut
1113 891 1233 956 feneres
1259 893 1374 976 potius,

197 1015 294 1080 quam
324 999 358 1060 in
390 1001 565 1082 emptiones
596 999 799 1082 praediorum
830 998 995 1063 colloces·
1020 1000 1110 1062 ouius
1139 1001 1267 1085 generis
1297 1019 1376 1062 men-

199 1103 310 1167 datum
340 1107 444 1190 magis
475 1104 645 1169 eonsilium
675 1109 723 1168 est
747 1124 842 1188 quam
866 1103 1109 1168 mandatumst
1134 1104 1227 1168 obid
1252 1123 1317 1167 non
1340 1109 1377 1166 est

197 1203 440 1296 obligatorium,
466 1213 541 1295 quia
565 1229 657 1275 nemo
681 1231 719 1274 ox
739 1209 871 1275 oonsilio
889 1212 1033 1274 mandati
1054 1209 1236 1296 obligatur,
1256 1211 1377 1273 etiamsi

195 1337 257 1380 non
287 1317 434 1400 expediat
463 1320 492 1381 ei
525 1319 577 1380 oui
605 1317 750 1390 dabitur,
777 1337 850 1381 oum
875 1315 1012 1380 liberum
1036 1319 1150 1400 orique
1174 1317 1217 1378 sit
1243 1315 1331 1399 apud
1353 1336 1378 1377 se

198 1421 376 1506 explorare,
410 1443 450 1487 an
472 1423 619 1508 expediat
643 1422 822 1486 eonsilium.
859 1422 976 1518 itaque
990 1423 1019 1490 si
1034 1423 1184 1490 otiosam
1198 1421 1379 1515 pecuniam

198 1532 294 1602 domi
319 1543 353 1603 te
378 1532 567 1603 habentem
596 1531 755 1602 hortatus
777 1533 883 1603 fuerit
904 1533 1051 1630 aliquis,
1069 1544 1109 1603 ut
1131 1559 1207 1603 rem
1229 1531 1378 1629 aliquam

197 1671 331 1715 emeres
365 1645 421 1716 vel
455 1673 532 1717 eam
566 1643 707 1731 credere,
742 1648 901 1744 quamvis
927 1673 999 1716 non
1026 1646 1189 1742 expediet
1214 1644 1282 1715 tibi
1310 1671 1378 1714 earn

197 1759 322 1828 emisse
351 1758 410 1829 vel
443 1757 659 1850 credidisse,
693 1785 765 1829 non
798 1771 916 1829 tamen
950 1759 1015 1830 tibi
1048 1758 1206 1829 mandati
1232 1769 1374 1829 tenetur.

197 1881 232 1941 et
258 1870 347 1941 adeo
370 1870 457 1942 haec
484 1874 532 1942 ita
551 1881 646 1956 sunt,
665 1883 704 1943 ut
722 1874 918 1970 quaesitum
938 1874 1000 1956 sit,
1020 1899 1065 1942 an
1085 1871 1242 1942 mandati
1261 1883 1376 1942 tenea·

197 1994 254 2054 tur
283 1985 344 2082 qui
370 1983 549 2054 mandavit
571 1982 655 2072 tihi,
680 1997 720 2057 ut
744 1987 849 2060 Titio
873 1988 1063 2083 pecuniam
1090 1987 1293 2056 fenerares:
1321 1983 1375 2054 sed

57 2161 60 2168 .
156 2191 159 2197 .
191 2098 347 2192 optinuit
379 2096 508 2170 Sabini
539 2102 712 2172 sententia
745 2100 1002 2198 obligatorium
1029 2126 1106 2170 esse
1133 2101 1173 2170 in
1203 2097 1272 2169 hoe
1301 2126 1376 2169 casu

196 2209 417 2297 mandatum,
451 2213 536 2308 quia
568 2238 639 2281 non
671 2214 776 2285 aliter
809 2215 914 2286 Titio
945 2212 1185 2297 credidisses,
1220 2239 1327 2310 qrram
1350 2214 1376 2282 si

196 2323 266 2396 tibi
300 2323 504 2395 mandatum
538 2336 642 2398 esset.
694 2325 791 2396 Illud
825 2337 966 2426 quoque
1000 2325 1302 2420 mandatumnnon
1328 2337 1390 2396 esti

196 2437 469 2537 obligatorium,
503 2436 599 2535 quod
634 2451 755 2511 eontra
788 2439 902 2512 bonos
937 2467 1053 2510 mores
1092 2450 1159 2527 est,
1199 2439 1312 2511 veluti
1349 2441 1375 2510 si

197 2553 320 2624 Titius
355 2550 399 2621 de
431 2552 525 2622 firrto
556 2563 616 2623 aut
645 2550 773 2624 damno
808 2553 975 2625 faciendo
1008 2564 1068 2624 aut
1091 2552 1135 2623 de
1159 2554 1293 2624 iniuria
1321 2553 1376 2622 fa-

198 2664 324 2737 cienda
350 2663 417 2736 tihi
444 2665 596 2738 mandet.
646 2668 723 2732 lieet
754 2671 838 2733 enim
869 2685 1005 2754 poenam
1035 2671 1129 2732 istius
1153 2667 1229 2732 faeti
1253 2670 1373 2734 nomine

72 2827 73 2832 1
199 2782 407 2866 praestiteris,
431 2801 495 2844 non
517 2785 625 2845 tamen
647 2780 749 2845 ullam
771 2781 869 2846 habes
893 2781 1043 2845 adversus
1063 2777 1189 2844 Titium
1209 2783 1369 2846 sotionem.
