2890 4616
176 66 242 136 306
582 79 666 134 uisu.
691 64 743 135 tv.
768 87 789 134 1.
810 65 898 154 §gb
924 67 955 135 ὅ.

61 261 76 278 ‘
178 261 240 358 qui
275 257 420 354 optulit,
455 258 616 355 quamvis
650 255 708 327 tur
740 283 813 327 nou
846 258 910 350 sit,
944 259 1132 329 constituta
1168 268 1221 330 est
1246 255 1349 346 actio,

172 398 262 469 quae
287 371 470 468 appelatur
494 369 615 442 oblati.
669 381 722 440 est
748 372 853 440 etiam
878 369 1048 466 prohibiti
1073 372 1158 442 finti
1180 373 1273 442 actio
1291 369 1353 440 ad·
1406 375 1411 386 '

173 509 295 556 versus
334 511 430 576 eum,
468 485 529 580 qui
558 483 688 554 furtum
723 506 893 580 quaerere
926 483 1074 555 testibus
1110 483 1353 581 praesentibus

173 597 350 668 volentem
368 595 604 693 prohibuerit.
643 601 803 682 praeterea
821 601 1144 687 poenaflconstitnitur
1155 600 1355 684 edictopree-

175 716 253 778 toris
282 735 338 799 per
368 715 525 778 actionem
548 711 627 775 furti
648 731 710 775 non
734 711 869 774 exhibiti
893 711 1043 776 adversus
1065 732 1157 792 eum,
1183 715 1239 797 qui
1262 713 1354 776 furti-

176 839 249 886 vam
283 839 351 884 rem
382 817 466 902 apud
498 838 530 882 se
561 819 739 902 quaesitam
767 821 799 881 ct
829 816 992 881 inventam
1014 839 1077 883 non
1100 819 1257 884 exhibuit.
1306 818 1357 883 sed

177 925 237 990 hae
272 927 428 1001 actiones,
463 922 498 986 id
533 930 581 987 est
615 924 758 1007 concepti
790 927 821 986 et
845 921 944 986 oblati
968 928 1000 988 et
1022 923 1100 988 furti
1124 925 1277 1010 prohibiti
1302 946 1357 988 nec

174 1053 237 1097 non
267 1031 345 1095 furti
375 1050 438 1095 non
465 1028 618 1105 exhibiti,
644 1029 678 1092 in
701 1028 942 1093 desuetudinem
967 1029 1122 1095 abierunt.
1171 1052 1246 1096 cum
1270 1033 1357 1095 enim

175 1137 341 1223 requisitio
370 1136 417 1199 rei
448 1135 584 1200 furtivae
615 1135 709 1199 hodie
740 1134 915 1200 secundnm
938 1139 1079 1200 veterem
1103 1135 1359 1201 observationem

174 1265 237 1310 non
272 1241 323 1306 fit:
360 1243 475 1306 merito
506 1262 544 1306 ex
577 1243 799 1326 consequentia
832 1243 930 1306 etiam
960 1243 1119 1326 praefatae
1150 1245 1292 1308 actiones
1322 1245 1359 1308 ab

175 1370 236 1414 usu
276 1350 439 1432 communi
473 1353 684 1432 recesserunt,
721 1369 795 1412 cum
832 1347 1129 1412 manifestissimum
1166 1333 1253 1427 est,
1276 1350 1363 1436 quod

176 1477 304 1532 omnes,
335 1455 390 1539 qui
423 1457 556 1519 scientes
588 1475 655 1519 rem
688 1454 841 1520 furtivam
872 1454 1065 1540 susceperint
1099 1458 1131 1519 et
1167 1453 1362 1540 celaverint,

176 1564 256 1627 furti
285 1583 342 1626 nec
374 1561 534 1626 manifesti
564 1561 691 1626 obnoxii
721 1566 804 1625 sunt.
851 1559 959 1626 Poena
990 1560 1152 1625 manifesti
1180 1560 1262 1624 furti
1285 1583 1383 1647 quas

174 1667 283 1755 drupli
312 1673 360 1733 est
390 1673 458 1734 tam
490 1689 528 1733 ex
560 1669 643 1735 servi
673 1687 805 1754 persona
836 1687 933 1752 quam
961 1687 1003 1736 ,cx
1032 1666 1145 1751 liberi,
1176 1687 1235 1732 nec
1258 1669 1363 1732 mani·

176 1775 251 1846 festi
274 1771 375 1864 dupli.
