2964 4596
220 55 263 122 92
611 71 693 121 rusn.
718 54 742 118 Ι.
767 71 833 118 rvr.
859 51 894 136 ἐξ
908 50 1005 117 1-6.
1057 111 1059 116 ,

214 244 289 332 his,
315 247 370 332 qui
394 245 479 309 servi
501 264 619 329 poenae
643 241 823 309 efficiuntur
842 245 1006 309 atrocitate
1026 243 1199 308 sententiae
1218 241 1271 306 vel
1288 241 1398 307 liberti

218 364 255 424 ut
285 361 406 447 ingrati
429 361 511 423 circa
533 362 680 442 patronos
704 357 922 432 condemnati,
945 356 998 422 vel
1022 359 1079 441 qni
1103 355 1143 420 ad
1164 359 1305 441 pretium
1327 376 1397 442 par-

217 465 416 550 ticipandum
447 484 480 527 se
507 463 695 528 venumdari
726 467 811 548 passi
834 468 918 528 sunt.
957 461 1079 532 Minor
1097 461 1171 531 sive
1197 459 1312 531 media
1339 470 1393 530 est
1419 491 1432 534 a

219 575 343 672 capitis
382 573 594 660 deminutio,
627 598 706 643 eum
732 573 865 644 civitas
898 571 1042 671 quidem
1067 573 1255 666 amittitur,
1285 570 1400 643 liber·

217 698 271 758 tas
306 712 390 758 vero
425 688 606 757 retinetur.
637 684 760 783 Aquod
794 685 925 758 accidit
954 687 1004 773 ei,
1041 687 1098 756 cui
1129 711 1220 783 aqua
1253 694 1288 755 et
1326 687 1401 783 igni

219 799 445 870 interdictum
481 797 604 887 suerit,
633 799 686 865 vel
722 801 771 876 ei,
808 803 864 886 qui
895 803 930 894 in
958 800 1096 865 insulam
1127 800 1309 885 deportatus
1340 805 1398 865 cst.

216 913 369 984 Minima
405 913 529 1008 capitis
554 911 747 981 deminutio
774 922 847 1005 est,
873 937 952 982 eum
981 923 1016 983 et
1041 913 1166 984 civitas
1194 921 1229 982 et
1256 911 1435 988 libertast

111 1006 117 1016 ι
217 1028 407 1118 retinetur,
441 1023 503 1094 sed
530 1034 640 1094 status
665 1022 819 1095 hominis
845 1035 1089 1098 commutatur.
1142 1024 1237 1123 quod
1272 1023 1405 1096 accidit

216 1141 255 1209 iu
284 1138 360 1231 his,
385 1136 466 1234 qui,
493 1161 574 1206 cum
599 1137 652 1206 sui
677 1137 950 1231 imminerunt,
975 1149 1167 1235 coeperunt
1192 1137 1309 1209 alieno
1334 1137 1402 1208 iuri

217 1249 370 1324 subiecti
399 1275 495 1336 esse,
517 1247 574 1319 vel
603 1259 737 1320 eontnu
788 1250 905 1318 Servus
929 1258 1037 1318 autem
1060 1255 1275 1317 manumissus
1297 1255 1401 1336 capite
1422 1273 1434 1316 a

219 1388 283 1432 non
306 1366 481 1439 minuitur,
501 1361 723 1448 quianullum
743 1369 838 1447 capnt
861 1363 984 1430 habuit.
1032 1364 1156 1446 Quibus
1175 1369 1282 1429 autem
1302 1364 1407 1450 digni-

221 1478 271 1537 tas
296 1473 403 1558 magis
427 1491 523 1555 quam
547 1475 649 1534 status
671 1474 892 1554 permutatur,
918 1474 1021 1556 capite
1048 1491 1111 1536 non
1137 1472 1346 1534 minuuntur:
1373 1475 1404 1535 et

219 1577 293 1643 ideo
314 1581 426 1643 senatu
449 1580 551 1640 motos
575 1577 678 1660 capite
701 1596 764 1642 non
789 1577 895 1641 minui
917 1583 1048 1642 constat.

268 1683 358 1762 Quod
382 1685 488 1746 autem
511 1681 635 1745 dictum
659 1686 707 1746 est
729 1702 855 1747 manere
879 1685 1076 1770 cognationis
1099 1686 1149 1748 ius
1172 1688 1205 1748 ct
1226 1688 1298 1768 post
1317 1684 1436 1767 capi-c

220 1793 265 1854 tis
293 1789 564 1870 deminutionem,
596 1787 656 1851 hoc
686 1789 733 1851 ita
764 1792 829 1860 est,
861 1791 889 1852 si
919 1791 1054 1854 minima
1084 1789 1198 1874 capitis
1227 1789 1405 1854 deminutio

222 1895 433 1975 interveniat,
465 1897 574 1958 manet
604 1894 690 1956 enim
718 1895 874 1980 cognatio.
898 1916 975 1960 nam
999 1897 1027 1959 si
1050 1897 1192 1960 maxima
1214 1895 1328 1979 capitis
1353 1893 1406 1958 de·

221 2000 361 2063 minutio
392 2001 551 2075 incurrat,
575 2000 626 2062 ius
649 2018 773 2083 quoqne
797 2002 994 2087 cognationis
1018 2003 1119 2086 perit,
1144 2006 1181 2065 ut
1204 2007 1282 2086 puta
1304 2001 1422 2100 servi·¹

220 2108 292 2169 tute
326 2104 462 2169 alicuius
497 2106 642 2191 cognati,
679 2108 711 2168 ct
744 2125 784 2169 ne
820 2106 949 2190 quidem
980 2110 1008 2172 si
1036 2109 1252 2172 manumissus
1283 2104 1403 2183 fuerit,

219 2211 334 2294 recipit
364 2213 593 2299 cognationem.
640 2210 694 2275 sed
723 2215 754 2274 et
777 2212 805 2275 si
828 2213 862 2275 in
885 2212 1025 2278 insulam
1048 2214 1229 2298 deportatus
1253 2213 1325 2297 quis
1340 2213 1401 2296 sit,
1473 2301 1474 2310 ἶ

220 2319 370 2404 cognatio
393 2317 538 2384 solvitur.
