2964 4596
216 78 259 146 10
630 81 767 148 ursnss.
792 101 837 148 1v.
861 81 897 168 ἓξ
910 80 1008 146 1-4.

90 301 93 306 ·
216 268 358 334 fructum
381 266 556 356 legaverit:
580 290 655 335 nam
680 269 771 334 beros
793 269 913 334 nudam
936 270 1033 335 babet
1051 271 1292 356 proprietatem,
1314 269 1402 356 lega·
1471 331 1472 362 ἔ

214 375 315 440 tarius
346 394 442 438 usum
472 374 632 440 fructum:
665 379 697 441 at
727 380 836 439 contra
865 376 894 439 si
924 374 1062 442 fundum
1083 374 1241 462 legaverit
1264 374 1401 440 deducto

213 501 275 544 usu
306 481 426 558 fructu,
458 480 635 569 legatarius
666 481 785 546 nudam
817 481 914 546 habet
941 483 1185 566 proprietatem,
1211 480 1301 546 hares
1324 498 1400 545 vero

215 606 311 651 nsum
341 585 501 650 fructum:
532 587 613 650 item
644 586 702 651 alii
726 606 822 650 nsum
845 586 1005 669 fructum,
1033 585 1090 651 alii
1114 585 1248 650 deducto
1272 606 1309 652 eo
1329 586 1401 650 fun-

215 690 293 754 dum
329 690 437 778 legare
469 696 584 775 potest.
631 694 699 757 sine
734 696 926 757 testamento
959 711 1035 758 raro
1069 693 1098 766 si
1132 693 1203 775 quis
1232 691 1313 758 uelit
1343 690 1402 755 alii

212 816 310 860 nsum
345 796 486 861 fructum
508 789 731 874 constituero,
768 797 969 883 pactionibus
1004 801 1036 863 ot
1068 796 1330 880 stipulationibus
1366 795 1399 859 id

198 895 337 966 'efficere
367 901 471 966 debet.
517 923 557 968 ne
585 907 694 968 tamen
716 905 751 967 in
773 903 959 967 universum
983 901 1114 967 inutiles
1137 907 1241 966 essent
1262 903 1401 986 propria·

215 1009 298 1071 tatas
318 1026 442 1091 semper
459 1007 645 1073 abscedente
663 1029 725 1073 usu
744 1009 866 1085 fructu,
888 1005 1011 1092 placuit
1030 1010 1125 1073 cartis
1136 1007 1241 1073 modis
1253 1007 1401 1092 extingui

215 1132 311 1176 usum
342 1111 483 1177 fructum
508 1117 541 1182 st
564 1112 603 1176 ad
627 1115 854 1198 proprietatem
877 1113 1005 1178 roverti.
1053 1109 1268 1178 Constituitur
1291 1118 1400 1177 antem
1427 1131 1442 1174 s

118 1213 119 1216 ’
216 1238 295 1283 usus
318 1217 440 1284 fructus
463 1238 527 1283 non
550 1221 677 1282 tantum
701 1219 735 1281 in
758 1217 856 1282 fundo
879 1222 911 1294 et
935 1217 1082 1301 aedibus,
1106 1238 1219 1284 varum
1244 1219 1342 1282 etiam
1366 1219 1401 1280 in

215 1325 317 1388 servis
351 1328 383 1388 et
413 1324 567 1389 iumentis
594 1325 767 1406 ceterisque
790 1323 884 1388 rebus
908 1324 1047 1406 exceptis
1070 1322 1121 1387 his
1144 1342 1224 1407 qnae
1248 1324 1317 1407 ipso
1339 1342 1403 1386 usn

219 1433 467 1494 consumuntur:
500 1449 575 1494 nam
606 1448 661 1492 aaa
683 1427 785 1512 ne'que
808 1427 948 1492 naturali
969 1427 1217 1514 rationcssnaque
1240 1428 1329 1494 ciuili
1354 1449 1403 1492 ra-

215 1535 342 1618 cipiunt
371 1555 468 1599 nsum
497 1534 649 1599 fructum.
697 1553 759 1620 quo
790 1553 923 1598 numero
955 1539 1029 1598 sunt
1055 1537 1171 1599 unum
1201 1533 1308 1599 oleum
1334 1534 1403 1598 fru-

163 1639 171 1672 ”
216 1645 365 1705 mentum
398 1642 598 1706 vestimenta.
646 1640 761 1726 quibus
791 1641 937 1726 proxima
967 1644 1016 1706 est
1047 1643 1183 1726 pecunia
1214 1643 1403 1705 numerata:

215 1765 356 1829 namque
387 1746 422 1810 in
451 1747 520 1831 ipso
543 1767 606 1810 usn
629 1745 763 1811 adsidua
785 1747 1020 1830 permutatione
1042 1745 1276 1830 quodammodo
1299 1745 1407 1809 extin-

217 1852 341 1936 guitur.
388 1850 444 1916 sad
466 1849 621 1915 utilitatis
643 1870 738 1914 causa
758 1855 886 1915 senatus
910 1852 1033 1916 censuit
1055 1869 1146 1934 possa
1169 1852 1265 1916 ctiam
1289 1870 1405 1914 aarum

218 1975 327 2019 rerum
362 1975 458 2020 usum
493 1954 634 2020 fructum
665 1959 835 2039 constitui,
866 1962 905 2020 ut
935 1963 1042 2020 tamen
1073 1975 1110 2020 eo
1140 1959 1269 2021 nomina
1291 1954 1407 2021 heredi

220 2057 347 2124 utiliter
378 2065 537 2126 caveatur.
582 2064 690 2146 itaque
718 2063 746 2125 si
769 2063 921 2146 pecuniae
944 2081 1021 2125 usus
1044 2060 1167 2126 fructus
1188 2061 1313 2148 lagatus
1338 2060 1405 2137 sit,
1472 2093 1473 2138 3

218 2164 266 2228 ita
296 2164 390 2229 datur
419 2163 591 2252 legatario,
623 2171 661 2231 nt
691 2169 759 2231 eius
790 2164 861 2243 fiat,
887 2170 920 2232 at
941 2165 1116 2254 legatarius
1139 2166 1271 2232 satisdat
1291 2164 1409 2229 baredi

219 2270 258 2335 de
287 2275 376 2336 tanta
397 2273 532 2356 pecunia
554 2272 766 2348 restituenda,
791 2275 819 2336 si
841 2275 996 2338 morietur
1019 2276 1076 2338 aut
1100 2275 1203 2358 capita
1224 2273 1407 2336 minuetur.

218 2381 341 2440 ceterae
371 2397 496 2462 qnoque
524 2399 574 2444 res
604 2379 651 2442 ita
681 2376 850 2443 traduntur
872 2377 1045 2464 legatario,
1070 2383 1107 2442 ut
1131 2379 1200 2444 eius
1222 2374 1316 2441 fiant:
1346 2375 1406 2441 sed

217 2483 395 2546 aestimatis
418 2482 469 2547 his
492 2482 679 2558 satisdatur,
704 2486 758 2560 nt,
783 2483 811 2546 si
834 2484 990 2548 morietur
1013 2489 1069 2547 ant
1092 2484 1195 2567 capito
1217 2483 1406 2558 minuetur,

216 2591 307 2652 tanta
336 2589 471 2672 pecnnia
497 2589 700 2664 restituatur,
726 2590 838 2673 quanti
860 2607 914 2653 eae
938 2587 1058 2652 firarint
1081 2590 1276 2652 aestimatae.
1322 2607 1407 2674 ergo

217 2700 346 2757 sanatus
381 2713 444 2758 non
479 2693 555 2759 facit
589 2692 718 2776 quidem
750 2713 860 2758 aarum
889 2713 997 2758 rarum
1028 2713 1125 2758 nsum
1156 2692 1296 2757 {ructum
1331 2691 1407 2778 (nec

216 2799 303 2861 anim
324 2802 474 2882 potarat),
494 2796 548 2863 sad
567 2818 623 2882 per
642 2800 822 2863 cantionem
842 2800 934 2884 quasi
954 2819 1048 2863 usum
1069 2798 1210 2864 fructum
1223 2799 1407 2862 constitnit.

216 2901 344 2990 linitur
374 2908 482 2986 antem
515 2924 591 2968 usus
618 2903 739 2969 fructus
766 2910 868 2970 morte
891 2903 1059 2969 fructuarii
1082 2910 1115 2969 et
1138 2903 1260 2969 duabus
1283 2903 1440 2986 capitiss

219 3006 508 3085 damnationibus,
532 3012 687 3077 maxima·
700 3013 732 3074 et
754 3009 877 3086 media,
905 3014 938 3074 st
960 3029 1023 3074 non
1046 3009 1164 3075 utendo
1186 3029 1243 3093 per
1264 3007 1406 3072 modum

217 3117 250 3178 at
273 3119 411 3197 tempus.
457 3133 537 3199 quae
560 3115 669 3179 omnia
691 3120 799 3180 nostra
822 3116 937 3179 statuit
956 3115 1152 3180 constitutio.
1185 3116 1266 3178 item
1290 3110 1408 3178 linitur
1473 3103 1474 3148 ³

215 3239 293 3282 nsus
324 3217 463 3289 fructus.
497 3220 525 3282 si
555 3219 684 3285 domino
714 3221 916 3306 proprietatis
947 3219 986 3284 ab
1010 3220 1246 3285 usufructuario
1269 3218 1407 3284 cedatur

217 3323 306 3410 (nam
330 3327 477 3389 extraneo
501 3323 637 3390 cedendo
661 3323 744 3389 nibil
767 3326 899 3413 agitur):
923 3323 976 3391 uel
999 3345 1037 3390 ex
1057 3326 1212 3391 contrario
1232 3326 1260 3388 si
1279 3324 1403 3389 fructu-

222 3431 308 3494 arius
334 3433 561 3516 proprietatem
585 3431 632 3494 rei
656 3429 859 3515 adquisierit.
884 3450 964 3515 quae
988 3451 1038 3496 res
1061 3429 1269 3496 consolidatio
1293 3428 1403 3514 appal-

215 3532 311 3602 latur.
349 3555 385 3600 eo
405 3534 545 3621 amplius
568 3540 706 3614 constat,
726 3537 755 3600 si
774 3535 866 3601 aedes
885 3536 1031 3602 incendio
1052 3541 1259 3620 consumptae
1280 3535 1405 3608 fuerint

216 3639 269 3705 val
293 3641 391 3706 etiam
415 3645 515 3706 terrae
538 3647 629 3706 motu
652 3646 710 3707 aut
731 3642 813 3708 vitio
836 3661 893 3706 suo
916 3643 1109 3718 corruerint,
1134 3643 1282 3727 extingui
1304 3661 1403 3706 nsum

214 3745 356 3812 fructum
379 3751 411 3810 st
433 3766 474 3811 ne
497 3766 585 3811 araas
602 3746 733 3831 quidam
751 3745 1008 3810 usumfructum
1027 3746 1143 3811 deberi.
1180 3743 1264 3812 Oum
1284 3751 1394 3812 antam
1419 3767 1435 3811 ι

213 3849 324 3916 finitus
354 3849 452 3917 tuerit
479 3871 556 3916 usus
584 3851 725 3936 tructus,
753 3853 927 3918 revertitur
955 3850 1078 3917 scilicet
1107 3851 1148 3917 ad
1170 3855 1399 3936 proprietatem

213 3961 247 4021 et
278 3977 318 4020 ax
347 3975 383 4022 eo
414 3961 557 4042 tempore
586 3959 690 4026 undae
720 3959 925 4044 proprietatis
955 3955 1104 4024 dominus
1133 3957 1249 4044 incipit
1270 3956 1400 4044 plenam

213 4061 331 4128 habere
353 4063 388 4128 ia
411 4083 446 4128 re
469 4066 670 4147 potestatem.
