2894 4616
448 18 580 98 cnm,
602 14 852 102 §trust-ica.
1171 6 1236 82 441·

55 205 142 272 velut
175 208 204 272 si
238 208 336 272 armis
371 227 446 271 eum
480 207 514 272 vi
543 207 728 286 deiecerim;
761 227 837 272 nam
864 210 991 291 propter
1011 208 1016 290 Ι
1038 207 1236 270 atrocitatem
1261 226 1287 272 rs
1355 243 1366 266 ι
1441 241 1443 254 ·

54 312 159 378 delicti
193 314 227 376 in
258 317 385 378 tantum
415 314 520 398 patior
550 314 724 390 actionem,
757 318 794 377 ut
826 312 1020 402 omnilmodo
1052 313 1184 378 debeam
1207 313 1238 376 ei
1261 331 1286 376 ro

54 421 217 484 restituere
245 421 482 505 possessionem.
529 421 703 485 Armorum
727 423 836 484 autern
859 412 1082 510 appelllatione
1105 439 1168 483 non
1191 438 1238 483 so·
1259 439 1287 482 so

53 524 122 588 lum
152 530 244 590 scuta
267 529 298 590 ct
321 524 446 611 gladios
469 531 501 591 et
523 523 631 613 galeas
654 515 837 612 significairi
860 522 1103 611 intellegemus,
1129 524 1184 591 sed
1207 529 1239 588 et
1262 548 1286 592 rr
1376 611 1380 618 ἢ

51 631 149 694 fustes
172 635 205 695 et
226 629 358 715 lapides.
380 632 385 714 Ι

10 734 40 820 6)
96 735 203 801 Tertia
233 736 349 802 divisio
379 736 622 802 interdictorum
653 739 687 802 in
715 737 775 803 hoc
803 741 871 822 cst,
894 737 978 822 quod
1001 741 1057 802 aut
1081 735 1240 820 simplicia
1262 756 1289 820 ra

10 839 39 928 7)
53 848 126 906 sunt
149 846 205 906 aut
228 839 378 926 duplicia.
400 843 406 926 Ι
426 841 593 928 Simplicia
616 843 706 910 velut
729 844 763 908 in
787 843 902 928 quibus
924 842 1005 908 alter
1028 847 1134 918 actor,
1158 842 1238 908 alter
1260 863 1287 906 aa

49 969 120 1013 rcus
141 952 205 1025 est,
227 945 345 1032 quallis
364 951 439 1012 sunt
459 951 566 1015 omnia
587 951 783 1015 restitutoria
802 933 858 1014 aut
877 949 1083 1027 exhibitoria3
1103 968 1241 1032 namque
1264 967 1289 1010 ss
1341 964 1348 981 s
1441 949 1443 960 '

50 1059 164 1132 actori!
177 1059 241 1132 est,
273 1054 327 1138 qui
351 1054 507 1120 desiderat
531 1061 588 1120 aut
611 1056 754 1121 exhiberi
779 1059 834 1120 aut
857 1056 1000 1132 restitui,
1024 1076 1097 1120 reus
1119 1055 1148 1118 is
1171 1058 1239 1130 est,
1310 1049 1376 1115 240

8 1159 65 1237 d)a
84 1159 90 1246 Ι
111 1180 173 1244 quo
197 1159 393 1224 desideratur
416 1165 455 1224 ut
478 1161 642 1244 exhibeat,
668 1165 723 1226 aut
747 1163 904 1224 restituat.
925 1160 931 1237 Ι
951 1159 1238 1225 Prohibitoriorum
1262 1140 1372 1233 soff)

7 1263 37 1349 9)
50 1269 157 1329 autem
178 1265 422 1331 interdictorum
435 1263 460 1350 ¹)
482 1265 545 1332 alia
565 1267 731 1353 duplici[o]
757 1265 819 1332 alia
839 1265 1009 1360 simqplicia
1028 1271 1113 1332 sunt.
1152 1264 1237 1330 Sim·
1260 1284 1273 1327 s

49 1370 146 1455 plicia
169 1375 244 1434 sunt
266 1368 373 1448 velut,
399 1373 514 1456 quibus
537 1373 683 1457 prohibet
706 1376 831 1458 praetor
850 1374 885 1435 in
905 1371 974 1436 loco
994 1392 1082 1437 sacro
1102 1373 1107 1455 Ι
1129 1373 1238 1437 autin
1261 1394 1273 1433 s

48 1475 182 1539 flumine
203 1475 332 1559 publico
355 1479 464 1562 ripaue
488 1480 556 1543 eius
580 1478 701 1563 aliquid
724 1478 825 1542 facere
850 1499 924 1542 eum
942 1477 1003 1564 †²)
1027 1475 1031 1563 Ι
1051 1497 1127 1542 nam
1151 1482 1274 1543 actorc

51 1580 155 1668 esca),
178 1581 234 1664 qui
257 1581 429 1659 desiderat,
454 1605 494 1648 ne
517 1583 594 1668 quid
616 1581 688 1659 fiat,
712 1603 803 1665 reus,
828 1585 874 1666 is,
897 1582 951 1666 qui
975 1582 1094 1666 aliquid
1115 1581 1120 1666 Ι
1140 1582 1242 1647 facere
1265 1603 1276 1645 r

6 1684 37 1772 0)
52 1690 192 1751 conatur.
239 1683 388 1771 Duplicia
419 1692 493 1752 sunt
523 1688 614 1754 velut
646 1691 717 1765 „uti
739 1685 928 1772 possidetis”
951 1686 1159 1752 interdictum
1178 1689 1186 1774 Ι
1207 1691 1275 1750 ete

53 1787 215 1868 „utrubi”.
254 1790 328 1857 Ideo
352 1798 460 1858 autern
485 1793 625 1878 duplicia
648 1799 818 1876 vocantur,
842 1795 918 1877 quia
939 1812 996 1877 par
1009 1791 1034 1877 ⁴)
1060 1787 1238 1876 utriuslque
1262 1813 1275 1856 o

51 1897 224 1982 litigatoris
247 1896 281 1961 in
304 1896 355 1962 bis
379 1899 521 1964 condicio
545 1904 609 1976 est,
634 1920 691 1964 nec
713 1901 880 1982 quisquam
899 1899 1068 1982 praecipue
1087 1894 1171 1985 relus
1190 1897 1240 1962 vel
1268 1919 1289 1964 ιο

51 2007 139 2066 actor
160 1999 376 2088 intellegitur,
401 2005 455 2070 sed
476 2008 691 2090 unusquisque
709 2012 775 2070 tam
796 2007 842 2070 rei
862 2025 958 2088 quam
979 2005 1092 2069 actoris
1113 2004 1118 2088 Ι
1138 2010 1243 2088 partes
1266 2026 1289 2068 ιι

50 2109 204 2191 sustinet;
233 2109 349 2194 quippe
380 2117 505 2195 praetor
535 2113 604 2196 pari
635 2132 778 2177 sermone
810 2095 888 2176 cum¹
914 2109 1059 2192 utroique
1080 2109 1240 2193 loquitur,
1266 2129 1290 2172 se

49 2233 125 2277 nam
145 2232 272 2277 summa
289 2219 451 2300 conceptio
470 2237 580 2282 eorum
599 2217 841 2282 interdictorum
860 2217 938 2281 haec
959 2216 964 2298 Ι
986 2220 1050 2278 est:
1073 2214 1142 2291 „uti
1158 2221 1242 2279 nun'c
1268 2235 1291 2278 ra

49 2317 234 2403 possidetis,
259 2325 429 2402 quominus
450 2325 498 2388 ita
521 2323 706 2408 possideatis
729 2325 798 2388 vim
822 2321 891 2387 fieri
910 2323 916 2406 Ι
936 2319 1049 2397 veto”;
1070 2322 1151 2385 item
1163 2319 1241 2384 alte·
1265 2340 1290 2383 rr

48 2423 134 2487 rius:
160 2425 291 2500 „utrubi
312 2427 364 2492 hic
383 2428 479 2494 homo
499 2429 537 2494 de
557 2448 620 2512 quo
638 2428 748 2512 agitur
759 2430 806 2514 ⁵),
828 2428 834 2513 Ι
854 2429 1002 2492 maiorem
1014 2430 1131 2510 partem
1143 2425 1240 2489 buius
1264 2449 1289 2492 rs

49 2528 124 2594 anni
146 2526 227 2606 fuit,
253 2535 422 2616 quominus
445 2537 473 2599 ie
493 2536 498 2619 Ι
519 2555 594 2599 eum
619 2533 713 2598 ducat
736 2533 798 2600 vim
812 2534 837 2619 6)
861 2531 929 2596 fieri
952 2530 1051 2598 veto”.
1073 2531 1078 2614 Ι
1264 2550 1290 2594 rc

8 2635 36 2722 1)
94 2634 257 2718 Expositis
284 2640 453 2725 generibus
481 2639 722 2704 interdictorum
746 2640 906 2723 seqnitur,
931 2642 969 2702 ut
991 2637 1030 2701 de
1050 2635 1055 2723 Ι
1076 2635 1185 2700 ordine
1208 2639 1240 2699 et
1263 2656 1298 2711 rr,
1315 2657 1338 2702 ra

4 2740 37 2822 2)
50 2742 87 2807 de
111 2742 202 2804 exitu
224 2762 334 2809 eornm
358 2745 564 2831 dispiciamus
588 2750 620 2810 et
643 2744 835 2829 incipiamus
854 2745 860 2828 Ι
881 2764 899 2808 a
922 2742 1133 2827 simplicibus.
1172 2732 1236 2824 [si]
1262 2761 1288 2804 rc

49 2848 153 2934 igitur
174 2855 408 2922 restitutorium
432 2850 484 2917 vel
504 2850 745 2942 exhibitoriqum
756 2849 965 2915 interdictum
977 2847 1137 2929 redditur,
1151 2845 1241 2912 velut
1262 2864 1289 2908 eo

90 3166 120 3236 *)
140 3162 265 3234 »Pagina
282 3160 398 3218 interior
416 3158 498 3216 facile
517 3156 648 3230 legitur”.

92 3255 122 3325 1)
141 3252 254 3327 reem)
274 3251 303 3306 0·

91 3345 121 3416 2)
139 3343 246 3398 Perisse
264 3340 396 3397 videntur
415 3339 469 3395 duo
484 3336 629 3408 archetypi
648 3351 754 3392 remus:
772 3335 815 3392 cni
829 3335 1147 3408 leqaseactusconeultc,
1158 3333 1240 3390 edicto

53 3435 183 3489 moretoin
209 3431 337 3488 aedilium
363 3429 446 3484 —in
465 3428 522 3501 dig.
540 3431 583 3484 est
601 3426 751 3499 principum
772 3458 805 3468 -—
826 3445 972 3482 concessam
992 3445 1044 3480 non
1062 3427 1105 3480 ait.
1125 3425 1166 3479 of.
1186 3428 1205 3480 l.
1225 3425 1242 3478 2

53 3541 95 3594 pr.
115 3522 150 3578 D.
169 3539 204 3577 ne
223 3521 291 3590 quid
308 3521 339 3576 in
357 3521 419 3577 loco
439 3519 551 3591 publico
571 3518 670 3591 (43‚8).

92 3613 119 3674 3)
138 3615 180 3673 (tc
200 3613 333 3667 actorem.

91 3705 122 3768 4)
143 3705 184 3762 cs
203 3701 302 3778 piscar.
323 3698 552 3771 (:piscarium)t

91 3794 121 3864 5)
141 3788 231 3862 (apud
249 3789 345 3862 quem)
367 3790 399 3847 0.

92 3883 122 3956 6)
141 3882 174 3936 In
193 3881 287 3937 codice
306 3883 336 3936 et
354 3879 400 3933 hic
419 3881 449 3932 et
467 3892 548 3932 versu
569 3875 604 3928 13
624 3877 667 3930 est
687 3872 774 3939 »vin''‚
795 3877 825 3928 et
843 3872 882 3927 sic
901 3888 982 3928 versu
1005 3872 1038 3924 19
1058 3887 1122 3940 pro:
1140 3872 1239 3942 simpli·

46 3972 118 4026 mbos
137 3971 288 4027 habemus:
310 3967 556 4039 »sinpnblicibus”.
