2934 4608
190 79 233 144 98
433 94 517 142 rusr.
542 75 584 142 II.
607 95 700 144 xrnr.
721 75 871 164 .§§2-6.
895 94 964 142 xix.
987 99 1034 162 pr.
1060 77 1122 162 §L

190 271 290 334 stumi
315 287 456 353 quoque,
484 269 540 351 qui
561 265 649 332 nullo
673 265 736 332 alio
754 269 824 332 iure
844 269 951 332 venire
971 270 1120 352 possunt,
1142 266 1180 331 do
1199 263 1375 330 inofficioso

191 394 284 462 agere
318 377 459 458 possunt.
507 371 571 438 Sed
603 373 681 438 haec
716 374 763 438 ita
796 373 978 458 accipienda
1013 377 1103 456 sunt,
1140 374 1169 437 si
1202 370 1287 436 nihil
1322 373 1396 436 eisc

189 482 316 566 penitus
351 499 369 543 a
404 479 608 543 testatoribus
642 483 831 544 testamento
864 477 1014 544 relictum
1046 484 1103 545 est.
1151 477 1235 563 quod
1265 482 1377 542 nostra

168 586 375 651 'constitutio
400 583 439 648 ad
461 584 685 649 verecundiam
708 591 840 650 naturae
863 586 1052 651 introduxit.
1100 586 1150 650 sin
1175 604 1250 650 vero
1274 604 1377 668 quan-

191 696 363 774 tacumque
393 709 465 772 pars
492 687 678 754 hereditatis
708 689 761 756 rel
790 711 840 756 res
872 693 917 756 eis
941 691 1038 756 fuerit
1059 689 1187 765 relicta,
1212 689 1250 754 de
1273 688 1379 754 inoffi·

195 799 279 862 cioso
303 793 430 880 querela
460 795 655 878 quiescente,
679 794 713 858 id
737 796 820 879 quod
850 799 895 862 ais
927 796 1015 861 deest
1044 817 1143 881 usque
1167 796 1207 860 ad
1230 801 1380 880 quartam

191 902 359 990 legitimae
389 902 489 984 partis
519 900 677 984 repletur,
710 900 786 966 licet
816 923 879 968 non
913 903 1010 967 fuerit
1033 902 1192 967 adiectum
1214 902 1289 966 boni
1311 903 1384 966 viri

192 1009 348 1074 arbitratu
376 1006 487 1072 debere
520 1026 590 1070 eam
622 1007 746 1092 repleri.
796 1006 832 1072 Si
864 1012 952 1072 tutor
974 1009 1103 1071 nomine
1128 1005 1257 1093 pupilli,
1282 1009 1407 1071 cuiusr

192 1113 330 1178 tutelam
360 1113 510 1200 gerebat,
545 1134 583 1177 er
614 1117 804 1179 testamento
833 1115 933 1199 patris
963 1114 1014 1178 sui
1034 1111 1180 1200 legatum
1203 1114 1384 1197 acceperit,

185 1239 269 1284 oum
300 1217 384 1282 nihil
412 1222 479 1282 erat
508 1220 571 1302 ipsi
602 1222 702 1283 tutori
732 1219 881 1284 relietum
914 1223 1043 1301 epatre
1068 1239 1142 1295 suo,
1168 1217 1387 1283 nihilominus

193 1327 294 1409 possit
323 1326 451 1388 nomine
483 1344 539 1388 suo
566 1323 605 1387 de
629 1323 801 1389 inofficioso
823 1326 922 1410 patris
946 1329 1136 1389 testamento
1161 1344 1264 1410 agere.
1313 1321 1409 1388 Seds

194 1436 226 1494 et
257 1432 285 1494 si
318 1431 513 1494 econtrario
532 1428 650 1514 pupilli
672 1433 818 1507 nomine,
844 1432 895 1495 cui
919 1429 1002 1493 nihil
1025 1428 1175 1494 relictum
1200 1429 1312 1506 fuerit,
1346 1429 1388 1493 de

194 1535 367 1600 inofficioso
401 1538 502 1621 egerit
532 1540 563 1600 et
594 1540 759 1618 superatus
789 1541 854 1612 est,
890 1538 957 1621 ipse
990 1534 1073 1620 quod
1104 1535 1167 1600 sibi
1198 1537 1232 1598 in
1266 1535 1386 1599 eodem

196 1645 388 1706 testamento
418 1640 564 1728 legatum
591 1641 740 1705 relictum
764 1647 812 1706 est
835 1663 898 1707 non
921 1643 1053 1707 amittit.
1100 1638 1206 1727 Igitur
1228 1645 1408 1724 quartama

96 1789 100 1799 ·
196 1749 267 1832 quis
299 1746 391 1811 debet
419 1746 549 1822 hahere,
575 1751 611 1809 ut
635 1744 673 1810 de
697 1745 868 1812 inofficioso
893 1752 1084 1818 testamento
1108 1767 1201 1832 agere
1222 1767 1285 1810 non
1310 1767 1387 1832 pos·

196 1855 255 1916 sit:
283 1853 350 1916 sive
373 1854 443 1916 iure
467 1850 657 1916 hereditario
681 1853 748 1916 sive
770 1855 840 1918 iure
859 1851 960 1940 legati
979 1852 1032 1917 vel
1050 1850 1307 1934 fideicommissi,
1330 1852 1387 1918 vel

179 1960 225 2021 si
256 1959 369 2021 mortis
396 1976 490 2021 causa
512 1959 542 2020 ei
565 1961 676 2040 quarta
701 1956 815 2023 donata
837 1958 953 2042 fuerit,
978 1957 1031 2023 vel
1053 1959 1136 2022 inter
1159 1958 1249 2023 viros
1272 1959 1308 2020 in
1334 1957 1387 2021 his

197 2061 421 2127 tautummodo
464 2062 604 2137 casibus,
650 2083 786 2146 quorum
819 2069 927 2128 nostra
962 2065 1147 2128 constitutio
1182 2064 1385 2127 mentionem

197 2167 291 2245 facit,
325 2165 378 2233 vel
408 2166 480 2232 aliis
510 2167 613 2231 modis
646 2171 700 2251 qui
725 2171 1005 2234 constitutionibus
1029 2170 1239 2233 continentur.
1289 2167 1408 2246 Quodn

199 2277 308 2338 autem
332 2272 371 2336 de
393 2277 505 2357 quarta
528 2272 686 2346 diximus,
707 2275 754 2338 ita
774 2275 1029 2362 intellegendum
1050 2279 1114 2356 est,
1136 2278 1188 2349 ut,
1210 2275 1278 2340 sive
1298 2295 1387 2338 unus

199 2378 296 2443 fuerit
327 2379 395 2444 sive
423 2377 562 2461 plures,
581 2379 696 2462 quibus
727 2401 821 2466 agere
846 2381 884 2445 de
906 2381 1078 2445 inofficioso
1102 2384 1291 2444 testamento
1317 2401 1388 2466 per-

199 2485 358 2561 mittitur,
392 2504 456 2548 una
485 2489 598 2568 quarta
628 2487 673 2548 eis
706 2485 773 2549 dari
798 2489 913 2571 possit,
940 2491 1058 2571 ut‘pro
1081 2491 1150 2551 rata
1173 2485 1389 2552 distribuatur

201 2592 263 2667 eis,
289 2590 324 2654 id
348 2593 395 2655 est
418 2609 474 2674 pro
498 2590 588 2655 virili
607 2593 751 2675 portione
775 2597 897 2676 quarta.

729 2873 862 2938 XVIIII.

361 3043 412 3100 DE
435 3043 624 3102 HEREDUM
645 3045 859 3114 QUALITATE
880 3045 929 3103 ΕΤ
951 3042 1220 3102 DIFFERENTIA.

245 3201 410 3273 Heredes
444 3212 559 3274 autem
593 3214 654 3274 aut
686 3205 878 3276 necessarii
903 3203 1069 3274 dicuntur
1095 3213 1163 3302 aut
1180 3201 1233 3271 sui
1260 3209 1296 3270 et
1321 3223 1382 3268 ne-

199 3315 344 3384 cessarii
369 3326 429 3384 aut
453 3317 620 3386 extranei.
669 3315 902 3391 Necessarius
926 3316 1030 3388 heres
1055 3327 1110 3388 est
1133 3339 1254 3386 servus
1279 3311 1401 3383 heresi

187 3426 397 3498 institutus:
422 3427 503 3500 ideo
529 3429 580 3500 sic
607 3429 825 3526 appellatur⁷
851 3432 953 3528 qnia,
979 3425 1053 3501 sive
1076 3427 1159 3498 velit
1179 3428 1253 3497 sive
1275 3423 1381 3512 nolit,

200 3539 404 3611 omnimodo
429 3552 509 3637 post
530 3553 679 3613 mortem
706 3545 883 3614 testatoris
906 3544 1065 3641 protinus
1085 3540 1178 3611 liber
1201 3549 1237 3610 et
1256 3563 1382 3608 neces·

197 3653 309 3723 sarius
337 3651 439 3724 heres
465 3653 516 3728 lit.
553 3655 647 3726 unde
674 3659 735 3754 qui
754 3657 941 3728 facultates
960 3683 1041 3728 suas
1060 3663 1242 3751 suspectas
1260 3649 1381 3740 hahet,

197 3764 290 3835 solet
316 3791 455 3836 servum
480 3793 581 3838 suum
606 3771 722 3867 primo
748 3781 809 3841 aut
833 3769 989 3841 secundo
1008 3768 1066 3840 vel
1087 3769 1193 3838 etiam
1214 3763 1378 3834 ulteriore

200 3876 314 3975 gradu
348 3877 514 3950 heredem
548 3883 756 3972 instituere,
791 3895 853 3972 ut,
880 3884 910 3953 si
936 3878 1170 3954 creditoribus
1198 3877 1282 3948 satis
1309 3900 1377 3944 non

196 3987 276 4083 fiat,
309 3993 425 4086 potius
460 3993 533 4063 eius
566 3993 707 4066 heredis
742 3995 835 4066 hona
872 4024 976 4094 quarn
1012 3996 1121 4092 ipsius
1152 3990 1331 4063 testatoris
1359 4013 1376 4056 a

198 4101 432 4174 creditoribus
464 4106 714 4202 possideantur
748 4108 804 4179 vel
838 4108 1077 4180 distrahantur
1110 4105 1167 4179 vel
1199 4105 1291 4174 inter
1318 4126 1373 4173 eos
