2894 4616
612 47 696 105 rom.
720 31 774 120 IV,
798 57 865 108 rvr.
888 32 925 126 ξς
947 42 976 121 2,
1005 33 1037 110 3.

268 986 326 1058 Ex
350 985 562 1086 quibusdam
585 987 725 1059 iudiciis
742 987 900 1060 damnati
921 988 1149 1086 ignominiosi
1169 986 1279 1072 liunt,
1302 986 1398 1058 velutir

223 1099 328 1186 finti,
363 1100 399 1174 vi
431 1098 606 1171 bonorum
640 1110 839 1197 raptorum,
874 1103 1100 1187 iniuriarum,
1129 1099 1174 1170 de
1202 1099 1301 1190 dolo,
1323 1101 1380 1169 iten
1414 1129 1415 1136 ¹

220 1213 370 1301 tutelae,
418 1212 592 1308 mandati,
637 1213 806 1310 depositi,
853 1224 981 1288 directis
1020 1242 1082 1288 non
1116 1221 1283 1287 contrariis
1312 1224 1382 1285 aetio·

222 1335 333 1416 uibus,
366 1329 450 1400 item
483 1352 548 1425 pro
581 1325 679 1397 socio
690 1377 703 1416 ,
730 1357 810 1422 quae
833 1336 873 1400 ab
896 1340 1030 1420 utraque
1053 1337 1143 1419 parte
1167 1332 1288 1398 directa
1309 1337 1346 1398 eat
1363 1335 1382 1396 et

223 1441 262 1506 ob
286 1441 327 1507 id·
344 1442 479 1527 quilibet
503 1463 541 1507 ex
565 1442 658 1508 soniis
681 1463 717 1508 eo
739 1442 858 1507 iudicio
882 1441 1049 1506 damnatus
1071 1441 1255 1527 ignominia
1277 1443 1351 1503 notat
1378 1489 1381 1500 .

223 1546 286 1616 sed
312 1545 396 1616 furti
421 1546 564 1646 quidem
590 1556 650 1617 aut
677 1549 710 1618 vi
731 1546 907 1618 bonorum
925 1555 1104 1641 raptorum
1128 1556 1191 1614 ant
1214 1545 1383 1613 iniuriarum

223 1668 283 1728 ant
316 1656 360 1729 de
386 1659 470 1729 dolo
497 1686 569 1732 non
594 1659 708 1731 solum
735 1659 892 1730 damnati
918 1668 1085 1729 notantur
1106 1657 1322 1756 ignominia,
1343 1654 1384 1725 sed

223 1773 329 1843 etiam
361 1774 477 1868 pacti,
512 1785 547 1845 et
571 1784 685 1846 reete:
712 1773 902 1871 plurimum
928 1774 1023 1844 enim
1047 1773 1218 1864 interest,
1243 1781 1389 1840 utrumn

226 1882 358 1956 delicto
383 1885 510 1985 aliquis
535 1913 581 1957 an
605 1913 648 1958 ex
673 1897 858 1958 contractu
884 1883 1024 1957 debitor
1047 1886 1103 1957 sit.

270 1997 425 2065 Omnium
455 2005 564 2066 eutem
596 2004 757 2068 actionum
788 2001 1057 2067 instituendarum
1089 2001 1286 2085 principium
1313 2001 1345 2064 ab
1361 2017 1400 2062 eat

221 2107 311 2190 perte
339 2105 437 2170 edicti
458 2105 684 2192 proficiscitur,
709 2129 772 2193 qua
794 2113 920 2193 praetor
943 2107 1041 2172 edicit
1065 2106 1103 2172 de
1126 2108 1161 2171 in
1183 2110 1238 2172 ius
1261 2104 1384 2174 votando:

222 2213 334 2296 utique
365 2212 451 2276 enim
481 2215 516 2277 in
547 2213 660 2298 primis
684 2214 882 2281 adversarius
905 2216 940 2278 in
963 2215 1015 2278 ius
1038 2212 1202 2280 vocandus
1227 2218 1289 2289 est,
1312 2211 1339 2274 id
1356 2215 1385 2272 et
1415 2211 1416 2248 l

223 2318 264 2384 ed
295 2339 370 2384 eum
401 2320 562 2386 vocandus
584 2326 649 2404 est,
672 2321 727 2405 qui
750 2324 801 2386 ius
825 2321 968 2386 diotums
992 2323 1046 2386 ait.
1092 2340 1156 2404 qua
1179 2324 1273 2404 parte
1293 2321 1385 2402 praetor

222 2423 406 2509 perentibus
438 2431 470 2490 et
500 2429 658 2511 patronis,
690 2428 771 2492 item
801 2427 910 2493 liberie
940 2427 1189 2512 parentibusque
1215 2429 1385 2510 patronorum

223 2535 256 2595 et
289 2535 495 2616 patronarum
529 2532 614 2598 huno
648 2539 788 2618 praestat
821 2534 993 2610 honorem,
1030 2538 1068 2598 ut
1102 2552 1168 2598 nou
1201 2531 1295 2596 aliter
1320 2529 1385 2593 liceat

223 2635 332 2701 liberie
360 2634 546 2722 libertisque
579 2658 631 2704 eoa
660 2641 694 2704 iu
716 2641 768 2704 im
791 2661 920 2730 vocare,
945 2659 1043 2724 quam
1065 2641 1094 2703 si
1114 2638 1151 2703 id
1174 2638 1217 2702 ab
1242 2639 1307 2721 ipso
1326 2651 1385 2718 pree

223 2745 291 2807 tore
322 2740 556 2827 postulaverint
582 2749 614 2809 et
633 2747 894 2830 impetraverint:
919 2751 951 2811 et
974 2747 1003 2810 ei
1026 2747 1098 2830 quis
1119 2743 1219 2810 aliter
1243 2737 1384 2808 vocaverit.

223 2846 259 2912 in
281 2868 356 2912 oum
378 2867 513 2934 poenam
536 2849 711 2932 solidorum
734 2852 965 2939 quinquaginta
985 2849 1163 2918 constituit.
