2916 4604
403 1291 492 1378 sl]
523 1231 850 1379 cduusmlu
877 1290 954 1381 ru.

62 2483 271 2498 ...ω-...-

109 2601 138 2668 ⁹⁶)
160 2597 238 2650 »Hoc
256 2595 370 2661 folium,
390 2595 465 2664 quod
484 2595 551 2650 olim
571 2613 634 2650 oum
653 2611 717 2666 pag.
739 2605 807 2654 ’ΨΜ
828 2595 1008 2661 cohaerebat,
1027 2587 1122 2665 ipsius
1136 2595 1273 2666 Hierony·

61 2685 162 2742 miani
180 2687 356 2740 amanuensis
375 2703 460 2740 manu
479 2685 626 2739 rescissum
645 2685 769 2762 periitsts
795 2683 880 2739 (iuius
899 2685 959 2740 folii
979 2703 1042 2756 pag.
1061 2684 1177 2760 ¹quidem
1196 2702 1274 2739 aver·

64 2796 104 2833 sa
124 2779 189 2847 fere
216 2787 269 2830 tcta
294 2795 425 2846 superesse
450 2777 550 2829 videtur
576 2776 604 2827 iu
630 2776 677 2842 iis,
707 2792 772 2844 quae
798 2775 919 2842 iubemus
946 2776 973 2828 iu
1004 2776 1097 2829 Collat.
1129 2777 1178 2828 Tit.
1198 2777 1277 2830 XVI.
1338 2765 1340 2768 ¹

63 2888 132 2938 cap.
153 2869 193 2920 II.
214 2866 321 2935 §1-5.
350 2863 449 2934 Neque
469 2868 565 2920 tamen
583 2881 647 2934 pag.
667 2865 743 2917 recta
764 2863 901 2932 scriptura
918 2864 1037 2919 caruisse
1053 2863 1173 2919 videtur.
1202 2865 1275 2918 Nam

64 2957 197 3028 primum
220 2955 352 3010 Huschke
377 2957 452 3009 recte
477 2954 578 3009 statuit
603 2953 753 3009 verisimile
776 2967 834 3007 esse
854 2941 903 3022 (cf.
922 2953 965 3018 ll,
986 2956 1065 3024 599,
1088 2955 1154 3024 100)
1174 2953 1277 3008 Gaium

65 3045 262 3119 praemississc
288 3045 425 3100 nonnulle
447 3045 582 3100 transitus
606 3043 727 3098 faciendi
751 3043 852 3114 gratia.
891 3043 998 3098 Deinde
1016 3043 1186 3114 principium
1205 3045 1274 3100 Inst.

64 3137 134 3192 Lib.
165 3135 214 3190 ΠΙ.
242 3120 540 3204 suntquamquam
561 3132 802 3190 mendosissimum
822 3135 877 3204 est)
897 3133 972 3190 idem
992 3135 1026 3188 V.
1048 3133 1096 3188 Ol..
1112 3137 1186 3190 recte
1207 3133 1277 3188 Gaio

66 3225 216 3282 adscribit.
255 3225 339 3279 Porro
359 3229 388 3280 et
407 3225 460 3280 hoc
479 3225 548 3280 mihi
567 3224 680 3294 quidem
699 3225 838 3296 persuasit
856 3223 930 3278 idom
952 3225 986 3278 V.
1006 3224 1035 3278 0.
1052 3225 1202 3279 verisimile
1219 3241 1277 3278 esse

69 3317 177 3371 Gaium
201 3314 441 3385 praemunisse,
468 3315 617 3379 interesse,
644 3317 739 3368 utrum
765 3314 903 3384 ingenuus
923 3331 959 3367 an
978 3313 1097 3368 libertus
1118 3314 1275 3370 decesserit.

69 3405 201 3477 Opposui
226 3407 321 3460 autem
346 3403 474 3474 equidem
500 3403 565 3458 huie
591 3403 711 3474 paginae
737 3403 792 3458 Tit.
820 3403 912 3467 XXV,
937 3402 987 3456 lib.
1008 3403 1050 3470 II,
1075 3392 1182 3470 Instit.;
1212 3421 1276 3458 nam

71 3516 109 3552 ex
132 3497 162 3550 h.
183 3499 204 3550 t.
230 3495 283 3550 Gai
309 3495 379 3549 mihi
404 3494 517 3563 quidem
547 3493 676 3548 videntur
702 3509 761 3547 esse
786 3492 903 3546 haecce:
929 3494 1003 3546 »Sed
1025 3505 1050 3547 et
1066 3496 1201 3548 intestatos
1221 3491 1278 3564 quis

70 3589 199 3642 decedens
216 3588 435 3656 fideicommittere
455 3587 580 3638 codicillis
598 3583 714 3654 potest'':
732 3585 776 3641 et:
796 3585 939 3636 »codicillis
956 3593 1041 3638 autem
1059 3587 1277 3654 hereditarieque

70 3680 137 3732 dori
163 3695 243 3746 meque
268 3677 351 3730 adimi
369 3685 468 3746 potest,
496 3693 527 3727 ae
553 3674 731 3738 coufrrudutur
750 3674 790 3725 ius
810 3682 1018 3725 testamentorum
1038 3665 1062 3728 et
1083 3657 1276 3728 codicillorum7'

69 3767 121 3835 (ef.
149 3765 189 3830 ΙΙ,
216 3768 231 3834 ς
259 3766 333 3837 273).
373 3764 424 3819 Oui
453 3761 608 3818 confusioni
636 3761 748 3815 Tribon.
779 3760 861 3815 facile
890 3762 983 3814 locum
1012 3761 1120 3817 dedisse
1150 3762 1276 3827 videtur,

71 3875 141 3910 cum
164 3855 236 3909 libro
261 3855 304 3909 110
325 3853 372 3910 tit.
393 3854 427 3908 de
447 3849 533 3908 codic.
554 3852 685 3906 adiceret.
708 3883 740 3888 —
763 3851 911 3906 Caeterum
930 3851 960 3904 in
978 3849 1178 3908 intestatorum
1197 3853 1276 3907 herc·

69 3945 213 4000 ditatibus
239 3943 394 3998 deferendis
420 3942 576 4012 antiquitus
601 3941 631 3996 in
657 3941 754 4010 primis
779 3941 851 3995 ratio
877 3941 1036 3997 habebatur
1060 3945 1199 3998 voluntatis
1218 3943 1280 3996 boni

65 4038 160 4107 patris
180 4036 321 4104 familias,
352 4052 415 4091 oum
435 4036 545 4104 postea,
565 4033 679 4087 labente
692 4033 838 4104 tempore,
860 4029 908 4099 qui
927 4030 989 4086 iura
1008 4033 1278 4106 legesqueedebant

68 4126 100 4183 in
122 4125 179 4181 hau
197 4141 226 4180 re
246 4141 384 4192 amorem,
405 4126 438 4179 ut
458 4124 590 4190 dicimus,
611 4121 769 4178 naturalem
789 4123 979 4192 sequerentur.
