2894 4616
799 1485 857 1560 lx.

396 1686 432 1752 SI
455 1689 676 1762 QUADRUPES
696 1689 919 1750 PAUPERIEM
938 1689 1089 1751 FECISSE
1110 1689 1266 1752 DICITUR

278 1877 479 1950 Animalinm
509 1881 652 1958 nomina,
685 1900 765 1966 quae
795 1881 918 1947 ratione
940 1886 1061 1960 carent,
1086 1883 1114 1947 si
1137 1883 1268 1969 quidem
1288 1881 1384 1950 melus

236 1995 292 2055 aut
325 1990 448 2058 fervore
478 1991 534 2054 aut
563 1987 690 2051 feritate
712 1986 899 2072 pauperiem
922 1987 1072 2066 fecerint,
1097 1989 1222 2056 noxalis
1245 1993 1320 2057 actio
1338 1989 1385 2074 lege

234 2094 403 2162 duodecim
427 2092 611 2158 tabularum
633 2091 760 2177 prodita
783 2097 831 2157 cst
854 2130 898 2141 -—
919 2113 999 2178 quae
1023 2093 1174 2162 animalia
1197 2098 1226 2161 si
1248 2117 1336 2162 noxae
1353 2095 1385 2160 t·

138 2201 141 2212 '
234 2201 364 2278 dantur,
395 2197 565 2286 proficiunt
591 2217 645 2263 reo
675 2198 715 2263 ad
744 2195 984 2284 liberationem,
1010 2201 1086 2285 quia
1108 2202 1156 2267 ita
1177 2201 1233 2268 lex
1256 2202 1384 2268 duodeno

187 2291 190 2318 ³
232 2301 417 2373 tabularum
441 2307 557 2392 scripta
577 2307 641 2368 est:
655 2340 700 2352 -
718 2309 798 2390 puta
820 2307 848 2370 si
867 2325 967 2390 equus
987 2305 1170 2373 calcitrosus
1190 2307 1276 2374 calce
1293 2327 1384 2393 percu·

230 2415 307 2480 serit
338 2416 394 2478 aut
424 2412 481 2477 bos
510 2431 606 2477 cornu
638 2415 744 2495 petere
775 2409 889 2476 solitus
916 2413 1055 2497 petierit.
1103 2413 1181 2480 haec
1205 2421 1310 2480 sutem
1329 2411 1384 2479 aetio

187 2505 190 2532 ⁵
228 2519 264 2591 ln
286 2518 337 2584 his
344 2565 353 2596 ,
379 2538 459 2602 quae
482 2520 591 2584 contra
613 2522 761 2582 naturam
784 2522 973 2594 moventur,
997 2517 1105 2584 locum
1125 2519 1239 2588 habet:
1254 2526 1381 2588 caeterum

186 2610 189 2628 '
228 2627 257 2691 si
279 2613 430 2711 genitalis
453 2625 496 2688 sit
518 2623 644 2701 feritas,
670 2628 781 2690 cessat.
817 2622 962 2709 Denique
984 2625 1012 2689 si
1035 2645 1128 2691 ursus
1148 2627 1236 2716 fugit
1256 2628 1383 2693 adonim

228 2735 260 2797 et
293 2731 338 2796 sic
372 2730 499 2812 nocuit,
530 2750 593 2794 non
622 2732 728 2814 potest
760 2730 920 2815 quondam
952 2727 1100 2796 dominus
1132 2737 1309 2818 conveniri,
1334 2735 1383 2818 quis

226 2837 342 2903 desinit
378 2834 526 2901 dominns
560 2854 640 2911 esse,
679 2837 736 2900 nbi
764 2835 831 2901 fera
863 2837 976 2904 evasit.
1023 2840 1189 2923 pauperies
1223 2847 1323 2906 autem
1346 2843 1378 2904 cst

226 2943 381 3009 damnum
412 2943 479 3006 sine
507 2943 625 3007 iniuria
650 2935 796 3008 facientis
821 2943 950 3007 datum:
975 2965 1033 3009 nec
1057 2948 1143 3010 enim
1167 2954 1272 3033 potest
1294 2944 1381 3014 animal

225 3049 378 3113 iniuriam
401 3046 512 3112 fecisse
534 3047 615 3132 dici,
640 3048 724 3132 qued
746 3069 839 3114 sensu
863 3053 958 3115 caret.
1004 3051 1081 3116 hacc
1103 3053 1186 3136 quod
1210 3053 1251 3120 ad
1267 3051 1380 3121 noxalcn

225 3157 383 3220 actionem
408 3156 558 3240 pertinet.

273 3257 457 3346 Caeterum·
476 3259 640 3328 sciendum
673 3268 720 3330 est
744 3257 890 3330 aedilicio
913 3261 1016 3331 edicto
1039 3260 1201 3351 prohiberi
1223 3287 1281 3334 nos
1302 3283 1382 3333 mnan

222 3387 347 3439 verrem
383 3384 496 3452 aprum
526 3388 637 3433 ursum
669 3367 792 3435 leonem
823 3370 871 3435 ibi
901 3371 1033 3450 habere,
1064 3392 1127 3456 qua
1150 3372 1252 3461 vulgo
1275 3375 1328 3440 iter
1345 3371 1379 3434 it:

222 3481 255 3542 et
289 3474 317 3540 si
351 3472 503 3539 adversus
531 3495 568 3539 ca
597 3473 720 3542 factum
752 3477 814 3541 erit
845 3479 877 3540 at
908 3477 1051 3542 nocitum
1075 3477 1201 3544 homini
1223 3471 1319 3546 libero
1337 3497 1381 3543 csse

222 3583 360 3658 dicetur,
393 3579 478 3665 quod
505 3579 625 3645 bonum
650 3585 682 3646 et
705 3601 844 3667 aequum
867 3582 968 3647 indici
991 3583 1134 3663 videtur,
1159 3587 1243 3650 tanti
1266 3586 1379 3652 dominus

222 3683 463 3762 condemnetur,
500 3691 696 3752 caeterarum
729 3707 852 3767 rerum,
891 3692 1002 3774 quanti
1038 3689 1191 3756 damnum
1216 3691 1323 3757 datum
1340 3689 1377 3756 sit

147 3871 150 3878 Α
221 3790 321 3878 dupli.
369 3799 494 3878 praeter
527 3789 585 3858 hes
619 3799 728 3860 autem
762 3793 925 3860 aedilicias
960 3797 1099 3863 actiones
1130 3803 1162 3863 et
1193 3781 1232 3864 de
1262 3796 1378 3886 pauperie

222 3897 329 3963 locum
352 3898 501 3963 habebit:
525 3918 701 3985 numquam
725 3901 811 3966 enim
835 3902 973 3967 actiones
997 3907 1185 3987 pracsertim
1207 3905 1342 3991 poenales
1356 3899 1379 3964 de

221 4001 333 4100 eadem
356 4023 389 4067 re
413 4011 633 4072 concurrentes
656 4006 718 4072 alis
742 4006 840 4072 aliam
863 4009 1033 4075 consumit.
