2964 4596
188 73 253 146 102
573 93 656 141 mar.
671 76 693 139 l.
718 93 773 139 xx.
788 97 833 161 pr.
848 73 978 160 §1--t

280 444 331 502 Ι)Ε
352 409 538 504 ATILIANO
559 444 706 504 Tonosa
726 445 800 503 VEL
820 444 869 502 ΕΟ
891 444 956 514 QUI
975 444 1025 502 EX
1045 441 1271 518 ascalonia

587 556 636 614 ΕΤ
658 555 765 615 ΤΙΤΙΑ
784 555 973 614 ΕΑΒΑΤΠΕ.

238 693 279 765 Si
310 696 366 766 cui
392 695 510 766 nullus
536 697 680 767 omnino
703 706 799 766 tutor
823 695 954 789 ficerat,
979 696 1012 766 ei
1038 692 1189 764 dabatur
1213 693 1249 760 in
1276 687 1365 759 urbe
1469 741 1470 748 .

190 807 331 903 quidem
365 809 483 878 Roma
510 836 530 879 a
555 820 716 905 praetore
742 808 878 880 urbano
902 819 937 879 et
961 809 1094 878 maiore
1119 815 1217 902 parte
1241 801 1368 873 tribu·

191 943 315 993 norum
348 920 462 1016 plebis
494 933 590 992 tutor
622 919 768 1024 exlege
794 919 923 1001 Atilia,
951 923 988 990 in
1015 919 1207 1018 provinciis
1233 941 1316 988 vero
1347 939 1368 984 a

162 1076 163 1081 .
190 1031 412 1128 praesidibus
441 1036 703 1130 provinciarum
734 1062 776 1106 ex
802 1033 882 1132 lege
908 1033 1000 1106 lulia
1027 1029 1062 1106 et
1086 1031 1194 1102 Titia.
1233 1029 1307 1102 Sed
1334 1037 1405 1097 etr

84 1231 86 1237 Ι
191 1144 221 1212 si
256 1154 466 1217 testamento
498 1159 593 1218 tutor
626 1147 691 1220 sub
726 1148 937 1222 condicione
968 1160 1029 1218 aut
1061 1143 1118 1217 die
1144 1156 1239 1217 certo
1265 1141 1369 1223 datus
1471 1147 1472 1170 ³

192 1253 326 1351 fiterat,
363 1259 531 1356 quamdin
565 1261 729 1332 condicio
762 1272 822 1331 aut
855 1261 931 1332 dies
963 1259 1160 1358 pendebat,
1186 1284 1231 1360 err
1254 1253 1368 1327 isdem

191 1359 331 1468 legibus
368 1381 463 1442 tutor
499 1371 576 1443 dari
610 1385 759 1470 poterat.
811 1377 895 1445 item
934 1376 964 1446 si
996 1401 1083 1472 pure
1117 1373 1218 1444 datus
1244 1370 1369 1460 fuerit,
1472 1371 1473 1380 ’

194 1483 363 1582 quamdiu
393 1511 498 1556 nemo
531 1512 575 1561 ex
608 1481 816 1560 testamento
850 1488 953 1560 bores
986 1489 1135 1578 existat,
1166 1484 1301 1556 tamdiu
1326 1505 1369 1552 ex

135 1665 136 1672 χ
192 1594 304 1666 isdem
339 1594 479 1695 legibus
509 1610 604 1670 tutor
632 1601 804 1697 petendus
838 1613 931 1692 erat,
964 1603 1025 1700 qui
1058 1596 1242 1669 desinebat
1274 1605 1370 1666 tutor·

195 1733 292 1801 esse,
330 1711 360 1778 si
399 1710 563 1783 condicio
604 1715 768 1785 existeret
803 1724 864 1785 aut
899 1714 976 1785 dies
1008 1714 1146 1785 veniret
1178 1718 1238 1779 aut
1267 1705 1372 1777 heres

195 1822 368 1893 existeret.
418 1823 480 1894 Ab
505 1823 667 1897 hostibus
692 1853 832 1924 quoque
857 1837 972 1898 tutore
998 1836 1102 1922 capto
1128 1849 1169 1894 ex
1192 1821 1247 1892 bis
1267 1818 1408 1919 legi-t

195 1931 263 2003 bus
297 1945 393 2005 tntor
422 1936 626 2032 petebatur,
661 1941 722 2037 qni
746 1937 930 2010 desinebat
956 1964 1032 2010 esse
1058 1948 1170 2030 tutor,
1196 1937 1226 2006 si
1250 1935 1281 2004 is
1307 1933 1369 2031 qui

197 2057 320 2143 captus
354 2059 430 2120 erat
462 2051 499 2119 in
533 2053 708 2122 civitatem
742 2077 902 2124 reversus
933 2052 1064 2123 fuerat:
1096 2076 1177 2121 nam
1210 2072 1372 2119 reversus
1475 2049 1476 2060 ’

196 2159 392 2256 recipiebat
415 2163 560 2234 tutelam
585 2166 661 2236 iure
685 2164 903 2261 postliminii.
942 2165 1006 2232 Sed
1028 2187 1067 2232 ex
1091 2165 1142 2230 his
1163 2162 1291 2250 legibus
1312 2181 1407 2246 pua

136 2318 138 2322 ι
199 2273 287 2359 pillis
309 2280 429 2341 tutores
449 2277 610 2343 desierunt
630 2279 714 2356 dari,
735 2285 940 2365 posteaquam
958 2281 1062 2364 primo
1080 2275 1221 2342 consules
1239 2273 1373 2360 pupillis

199 2382 366 2466 utriusque
396 2401 489 2447 sexus
518 2389 640 2449 tutores
666 2403 705 2450 ex
726 2386 930 2469 inquisitione
954 2385 1028 2449 darc
1051 2385 1236 2466 coeperunt,
1259 2377 1373 2444 deinde

197 2491 356 2571 praetores
380 2509 418 2552 ex
442 2491 731 2556 constitutionibus.
767 2511 841 2556 nam
865 2505 960 2566 supra
982 2489 1107 2574 scriptis
1125 2485 1251 2574 legibus
1270 2505 1372 2570 neque

184 2589 239 2674 ⁴de
263 2596 408 2659 cautione
431 2615 450 2658 a
468 2597 629 2661 tutoribus
647 2595 803 2684 exigenda
821 2617 890 2660 rem
909 2591 1032 2660 salvam
1050 2591 1182 2679 pupillis
1194 2591 1259 2656 fore
1269 2611 1372 2674 neque
1477 2629 1478 2632 =

200 2693 240 2781 dc
275 2697 501 2784 compellendis
530 2703 690 2768 tutoribus
721 2701 761 2767 ad
793 2701 913 2768 tutelae
946 2700 1258 2766 administrationem.
1284 2694 1384 2789 qnid-¹

201 2823 298 2898 qnam
322 2816 461 2872 caratm.
507 2805 570 2872 Sed
592 2807 651 2872 hoc
673 2810 743 2872 iure
765 2810 907 2885 utimur,
930 2812 968 2872 ut
990 2804 1112 2871 Romae
1134 2802 1263 2888 qnidam
1284 2821 1410 2886 prae-r

199 2907 302 2976 factus
324 2910 412 2975 urbis
434 2910 487 2994 vel
509 2918 634 2996 praetor
657 2913 832 2978 secundum
851 2933 943 2978 suam
960 2911 1230 2995 iurisdictionem,
1252 2910 1287 2972 in
1304 2927 1376 2992 pro-

200 3015 315 3080 vinciis
350 3019 458 3081 autem
492 3019 652 3102 praesides
682 3039 721 3083 ex
751 3020 955 3104 inquisitione
984 3022 1105 3082 tutores
1136 3018 1291 3087 crearent,
1323 3011 1378 3078 vel

202 3122 411 3206 magistratus
432 3123 521 3186 iussu
544 3124 743 3208 praesidum,
766 3126 794 3188 si
816 3143 878 3188 non
900 3127 964 3188 sint
985 3143 1121 3212 magnac
1143 3118 1262 3212 pnpilli
1278 3117 1378 3184 facul·

86 3243 90 3248 ·
192 3222 293 3290 ‘tates
341 3225 408 3291 Nos
439 3232 547 3293 autem
580 3250 637 3314 per
666 3231 923 3295 constitutionem
954 3233 1095 3295 nostram
1127 3234 1159 3292 ct
1189 3223 1411 3290 huiusmodic

204 3329 406 3397 difficultates
435 3333 604 3400 hominum
633 3339 808 3401 resecantes
836 3356 894 3400 nec
925 3340 1105 3420 exspectata
1130 3333 1269 3396 iussione
1290 3349 1379 3414 praa-

203 3438 311 3504 sidum
345 3439 575 3525 disposuimus,
610 3445 638 3506 ai
674 3441 809 3507 facultas
842 3441 959 3527 pupilli
991 3440 1044 3507 val
1075 3437 1178 3505 adulti
1205 3455 1304 3521 usquc
1338 3435 1380 3500 ad

205 3544 397 3631 quingentos
426 3545 544 3612 solidos
572 3535 693 3631 valcat,
722 3535 898 3612 defensores
920 3549 1090 3612 civitatum
1112 3564 1176 3608 una
1199 3562 1274 3607 cnm
1297 3543 1378 3606 eins-

204 3651 279 3716 dcm
310 3653 452 3718 civitatis
482 3651 723 3741 religiosissimo
751 3655 910 3737 antistite,
943 3651 995 3718 val
1027 3649 1111 3737 apud
1133 3647 1213 3713 alias
1234 3646 1381 3733 publicas

203 3775 369 3844 personas,
401 3757 435 3822 id
459 3763 507 3824 est
528 3760 754 3846 maglatratus,
778 3758 831 3825 vel
852 3759 1025 3824 iuridicum
1047 3753 1279 3824 Alexandrinae
1301 3756 1378 3820 civi·

167 3904 170 3911 -
203 3863 280 3928 tatis
308 3868 429 3930 tutores
455 3863 508 3932 vel
538 3869 696 3930 curatores
727 3885 848 3943 meme,
869 3863 1026 3954 ,legitima
1056 3861 1179 3930 cautela
1205 3859 1381 3925 secundum

196 3969 345 4037 'ausam
368 3971 604 4036 constitutionis
625 3985 771 4037 normam
794 3954 997 4056 pradstauda,
1020 3959 1171 4036 videficet
1198 3986 1309 4034 corum
1328 3985 1382 4050 po·

12 4129 14 4170 3
201 4075 304 4145 riculo
324 4079 384 4164 qui
407 4097 479 4143 eam
501 4077 669 4162 accipiant.
788 4093 791 4100 ’
