2934 4608
182 12 224 78 66
539 23 622 70 mse.
637 2 678 68 II.
704 23 735 67 Χ.
761 4 796 87 ἓξ
809 1 930 66 9-14.

174 227 177 233 ·
222 197 268 266 ln
290 192 439 266 testibus
466 204 581 263 autem
608 216 680 260 non
706 188 812 259 debet
837 215 913 260 csse
940 189 1001 285 qui
1027 189 1065 255 in
1082 197 1257 283 potestate
1276 195 1386 255 tes-e

172 310 296 380 tatoris
321 317 385 379 est.
436 306 499 380 sed
525 307 555 376 si
581 303 675 373 filins
695 302 847 372 familias
867 301 910 372 de
930 301 1102 371 castrensi
1121 299 1261 396 peculio
1281 308 1364 394 post

172 422 376 492 missionem
403 419 512 489 faciat
536 426 807 503 testamentum,
836 441 900 485 nec
926 425 1026 510 pater
1052 415 1126 483 eius
1146 424 1242 483 recte
1261 413 1364 482 testis

176 531 365 605 adhibetur
391 557 456 600 nec
472 533 511 601 -is
538 531 599 628 qni
627 531 664 597 in
688 539 861 625 potestate
888 526 1045 597 eiusdem
1070 529 1181 623 patris
1204 536 1275 596 est:
1297 549 1366 595 re-

176 643 365 746 probatum
402 653 455 712 est
491 643 584 712 enim
623 643 660 710 in
695 665 734 710 ea
770 667 808 710 re
841 639 1075 711 domesticum
1109 639 1366 710 testimonium.

179 759 243 826 Sed
273 778 375 843 neque
404 757 496 821 heres
524 757 661 840 scriptus
693 776 794 839 neque
816 741 852 818 ¹is
882 757 938 838 qui
968 755 1003 818 in
1034 757 1191 838 potestate
1221 753 1290 818 eius
1314 759 1398 818 esto

179 883 280 948 neque
310 868 400 947 pater
423 865 491 927 eius
513 863 570 946 qui
594 861 691 925 habet
714 881 789 924 eum
812 863 846 925 in
870 864 1026 944 potestate
1049 881 1150 946 neque
1173 860 1287 923 fratres
1310 861 1366 942 qui

180 973 216 1035 in
247 968 388 1034 eiusdem
419 969 516 1052 patris
540 970 696 1050 potestate
723 971 797 1029 sunt
821 969 917 1030 testes
942 965 1086 1029 adhiberi
1109 969 1255 1050 possunt,
1281 963 1366 1059 quia

180 1093 291 1153 totum
304 1079 373 1151 hcc
388 1079 580 1176 negotium,
591 1076 687 1174 quod
699 1077 816 1174 agitur
828 1078 1029 1146 testamenti
1039 1075 1228 1147 ordinandi
1238 1077 1367 1173 gratia,

182 1193 338 1267 creditur
368 1193 461 1258 hodie
490 1193 575 1257 inter
598 1191 747 1256 heredem
770 1200 807 1258 et
831 1199 1035 1260 testatorem
1062 1191 1130 1288 agi.
1180 1191 1255 1255 licet
1280 1192 1369 1253 enim

184 1314 290 1374 totum
323 1309 374 1369 ius
410 1301 473 1366 tale
508 1304 734 1367 conturbatum
769 1303 873 1367 fuerat
907 1308 939 1367 et
971 1309 1109 1386 veteres,
1139 1305 1196 1388 qni
1225 1301 1372 1366 familiae

186 1419 363 1498 emptorem
387 1413 419 1474 et
442 1428 512 1490 ecs,
537 1409 593 1490 qui
615 1428 671 1491 per
693 1395 885 1491 potestatem
908 1411 938 1472 ei
957 1409 1124 1473 coadunati
1144 1409 1285 1483 fuerant,
1309 1412 1373 1470 tes-

186 1517 386 1584 tamentariis
410 1514 602 1577 testimoniis
625 1512 838 1597 repellebant,
863 1513 973 1578 heredi
997 1515 1115 1591 ethis,
1134 1515 1190 1598 qui
1208 1513 1372 1579 coniuncti

187 1626 219 1688 ei
238 1643 293 1707 per
313 1623 503 1705 potestatem
523 1616 667 1694 fuerant,
687 1619 899 1685 concedebant
918 1621 1102 1684 testimonia
1118 1621 1152 1682 in
1170 1619 1373 1684 testamentis

188 1732 364 1813 praestare,
381 1723 457 1788 licet
476 1724 531 1798 hi,
554 1725 610 1806 qui
629 1723 662 1787 id
680 1725 926 1808 permittebant,
947 1722 1015 1793 hoc
1028 1724 1104 1793 inre
1116 1723 1261 1792 minime
1276 1720 1376 1792 abuti

156 1839 157 1842 ’
189 1836 320 1908 debere
346 1859 407 1904 eos
427 1835 619 1899 suadebant:
641 1839 748 1899 tamen
768 1836 979 1902 noscendam
1001 1837 1253 1903 observationem
1278 1836 1374 1899 corri-

192 1955 304 2037 gentes
328 1952 372 2024 et,
400 1946 483 2031 quod
507 1946 545 2011 ab
570 1946 636 2010 illis
659 1967 789 2011 suasum
808 1953 873 2026 est,
894 1952 928 2012 in
943 1948 1026 2036 legis
1040 1951 1261 2015 necessitatem
1274 1953 1376 2012 trans·

193 2056 329 2120 ferentes
356 2052 396 2116 ad
425 2054 639 2117 imitationem
670 2054 799 2136 pristini
828 2053 970 2119 familiae
1001 2057 1154 2139 emptoris
1179 2055 1294 2119 merito
1315 2047 1375 2117 nec

179 2159 320 2234 benedi,
339 2159 395 2242 qni
413 2159 591 2244 imaginem
612 2159 824 2223 vetustissimi
843 2159 985 2224 familiae
1000 2162 1153 2244 emptoris
1165 2162 1306 2244 optinet,
1318 2178 1377 2222 nec

195 2264 268 2331 aliis
291 2265 447 2348 personis,
472 2283 552 2346 quae
572 2265 602 2326 ei
622 2268 659 2326 ut
679 2263 803 2327 dictum
823 2269 871 2328 est
891 2267 1076 2330 coniunctae
1097 2269 1189 2341 sunt,
1211 2263 1377 2328 licentiam

196 2370 400 2435 concedimus
423 2369 485 2433 sibi
509 2368 742 2452 quodammodo
765 2373 950 2436 testimonia
969 2376 1146 2457 praestare:
1166 2369 1300 2454 ideoque
1319 2388 1376 2432 nec

197 2475 356 2540 eiusmodi
384 2479 527 2539 veterem
559 2475 821 2540 constitutionem
852 2482 960 2542 nostro
991 2477 1092 2542 codici
1115 2477 1211 2540 inseri
1233 2475 1378 2559 permisi·

195 2601 278 2645 mus.
326 2578 504 2665 legatariis
535 2582 644 2644 autem
680 2584 712 2643 et
744 2579 1064 2658 fideicommissariis,
1101 2583 1177 2666 quia
1204 2593 1268 2645 non
1297 2581 1410 2644 inrisa

195 2703 389 2751 successores
420 2687 511 2760 sunt,
544 2687 576 2748 et
607 2681 679 2747 aliis
711 2689 851 2769 personis
879 2690 925 2752 eis
955 2690 1130 2754 coniunctis
1156 2687 1379 2752 testimonium

196 2811 260 2854 non
292 2789 503 2873 denegamus,
534 2789 635 2852 immo
665 2790 700 2852 in
726 2791 865 2874 quadam
889 2798 996 2858 nostra
1018 2795 1244 2859 constitutione
1267 2796 1299 2856 et
1321 2791 1380 2856 hoc

195 2893 379 2979 specialiter
398 2894 629 2968 concessimus,
653 2902 686 2958 et
709 2895 813 2960 multo
838 2900 943 2984 magis
966 2899 1032 2976 his,
1058 2901 1113 2983 qui
1137 2901 1304 2963 incorum
1327 2917 1380 2981 po·

197 3003 313 3064 testate
337 3001 430 3081 sunt,
454 2996 507 3062 vel
529 2999 585 3082 qui
608 3018 661 3063 eos
684 2998 801 3066 habent
824 3004 858 3065 in
881 3007 1055 3086 potestate,
1079 3002 1265 3068 huiusmodi
1284 3001 1380 3067 licen·

197 3105 281 3170 tiam
306 3102 431 3167 damus.

244 3205 338 3271 Nihil
369 3211 478 3272 autem
508 3209 659 3288 interest,
691 3214 920 3278 testamentum
944 3215 978 3278 in
1000 3213 1119 3281 tabulis
1142 3226 1182 3280 a'n
1204 3215 1239 3278 in
1262 3211 1379 3278 chartis
1390 3231 1415 3275 n

195 3313 435 3380 membranisre
458 3313 511 3379 vel
534 3317 568 3378 in
591 3315 655 3380 alia
676 3320 811 3384 materia
835 3317 901 3386 fiat.
947 3319 1064 3386 Sedet
1086 3341 1188 3385 unum
1212 3323 1415 3384 testamen-n

195 3424 345 3486 mentum
368 3419 515 3505 pluribus
538 3419 699 3486 codicibus
722 3422 874 3491 conficere
896 3427 968 3509 quis
990 3431 1113 3511 potest,
1136 3424 1311 3491 secundum
1332 3443 1384 3508 op

198 3527 355 3590 tinentem
382 3529 491 3592 tamen
514 3526 768 3594 observationem
792 3531 941 3596 omnibus
963 3531 1066 3596 factis.
1114 3531 1198 3615 qnod
1220 3527 1383 3594 interdurn

197 3635 232 3695 et
252 3632 464 3696 necessarium
488 3635 551 3709 est,
577 3634 606 3696 si
628 3636 699 3717 quis
721 3637 931 3722 navigaturus
954 3642 987 3702 et
1011 3658 1120 3703 secum
1142 3636 1223 3700 ferre
1243 3640 1276 3700 et
1296 3633 1384 3699 domi

199 3734 377 3820 relinquere
408 3737 600 3802 iudiciorum
623 3760 755 3805 suorum
779 3745 1041 3808 contestationem
1064 3741 1159 3818 velit,
1181 3739 1235 3807 rel
1257 3744 1385 3826 propter

197 3839 278 3905 alias
308 3842 557 3908 innumerabiles
581 3865 708 3930 causas,
733 3867 813 3931 quae
836 3847 987 3914 humanis
1010 3848 1253 3914 necessitatibus
1276 3848 1385 3910 immi·

201 3950 287 4010 nent.
335 3945 398 4012 Sed
430 3947 507 4013 haec
536 3950 667 4033 quidem
698 3950 736 4016 de
759 3957 976 4034 testamentis,
1001 3976 1081 4040 quae
1103 3954 1288 4038 inscriptis
1311 3971 1420 4016 con-n

199 4049 364 4118 ficiuntur.
410 4055 439 4117 ai
469 4055 540 4140 quis
571 4059 680 4120 autem
710 4058 849 4126 voluerit
879 4063 947 4126 sine
978 4063 1106 4148 scriptis
1140 4060 1284 4127 ordinare
1317 4059 1388 4122 iure
