2964 4596
565 115 620 165 su
630 97 656 164 1.
679 67 916 182 §518‘4-4187.
1237 45 1314 160 10³⁷

133 294 271 355 tutorem
293 291 328 352 in
350 309 412 353 usu
434 309 499 355 esse
522 287 654 373 desisse,
678 287 750 354 aliis
773 293 869 350 satem
889 284 895 376 Ι
915 285 1036 372 placet,
1061 285 1163 352 adhue
1186 287 1220 350 in
1239 307 1301 356 usu
1324 308 1347 350 u

133 413 213 472 esse,
237 397 266 458 si
288 393 436 481 legitimo
458 395 577 460 iudicio
600 399 725 481 agatur.

15 499 120 589 [§185)
176 498 212 564 Si
235 501 288 564 eui
310 499 418 565 nullus
441 503 570 564 omnino
592 504 680 564 tutor
702 503 761 582 sit,
786 501 816 563 ei
839 499 933 563 datur
950 500 985 562 in
1003 497 1081 564 urbe
1106 495 1260 593 [quildem]
1273 497 1299 578 ¹)
1323 517 1357 576 ss,
1369 519 1394 561 ss

132 627 172 672 ex
200 605 272 692 lege
300 604 401 692 Atilia
431 627 450 670 a
477 610 619 690 praetore
640 605 760 670 urbano
783 608 815 670 et
838 606 956 668 maiore
979 609 1068 689 parte
1087 604 1301 695 isilbunorum
1325 622 1351 665 u

130 710 253 796 plebis,
278 712 334 795 qui
356 711 517 776 Atilianus
540 716 627 776 tutor
647 715 794 788 vocatur,
818 712 853 774 in
875 711 1058 808 provineilis
1080 730 1155 776 vero
1177 731 1302 795 apiae
1325 730 1350 773 15

14 817 37 902 [ᾗ
49 814 121 896 186)
136 817 258 884 sidibus
280 818 516 901 provinciarum
538 816 611 904 lege
631 815 715 882 Iulia
737 820 769 881 et
791 814 887 880 Titia.
933 814 976 880 ut
998 815 1101 900 iqdeo,
1122 818 1150 880 si
1169 819 1222 880 cui
1240 821 1301 880 ies·
1323 835 1350 879 ss

131 924 274 986 tamenio
292 924 379 985 tutor
398 922 457 986 sub
477 923 658 988 condicione
678 926 733 986 aut
752 942 791 985 ex
806 920 857 986 die
869 925 953 985 serto
966 920 1065 1009 daitus
1077 923 1135 996 sii,
1148 921 1302 1007 quamdiu
1324 943 1350 985 u

131 1027 275 1091 condicio
299 1031 354 1090 aut
378 1026 445 1091 dies
463 1029 579 1113 pendet
597 1032 684 1093 tutor
704 1027 772 1092 dari
792 1027 798 1112 Ι
816 1030 931 1112 potest.
965 1024 1047 1090 Item
1066 1029 1095 1091 si
1112 1048 1190 1112 pure
1209 1028 1303 1092 datus
1326 1048 1351 1092 ss

130 1131 247 1215 fuerit,
278 1131 432 1216 quamdiu
460 1154 554 1200 nemo
581 1134 672 1198 heres
692 1134 698 1219 Ι
718 1136 822 1198 exstat
834 1131 871 1217 ²),
903 1131 1029 1198 iamdiu
1051 1152 1090 1196 ex
1112 1135 1153 1196 iis
1174 1132 1301 1220 legibus
1325 1153 1351 1197 is

129 1241 220 1303 tutor
241 1238 394 1323 petendus
417 1234 479 1318 esi;
504 1242 559 1324 qui
579 1248 584 1324 Ι
605 1240 721 1304 desiuit
743 1243 831 1303 tutor
855 1258 938 1315 esse,
961 1241 1167 1322 posteaquam
1186 1239 1301 1323 aliquis
1323 1259 1349 1303 se

12 1339 119 1430 (5187)
134 1363 175 1407 ex
199 1347 390 1409 testamento
413 1348 501 1410 tutor
524 1365 590 1410 esse
610 1347 616 1430 Ι
636 1347 783 1430 eoeperit.
817 1344 868 1409 Ab
889 1343 1034 1408 hostibus
1057 1364 1180 1428 quoque
1198 1349 1303 1410 tutore
1325 1365 1349 1408 ss

131 1453 242 1533 capto,
267 1469 306 1513 ex
328 1450 369 1513 iis
392 1448 519 1536 legibus
542 1447 642 1520 tulior
663 1451 730 1534 peti
753 1449 862 1525 debet,
888 1450 943 1533 qui
966 1448 1082 1514 desinit
1104 1453 1192 1514 tutor
1214 1471 1298 1534 esse,
1321 1470 1349 1513 ss

132 1556 162 1619 si
193 1557 238 1631 is,
272 1556 328 1639 qui
355 1560 466 1639 sapius
498 1560 563 1630 esi,
591 1557 625 1619 in
645 1555 651 1640 Ι
671 1557 836 1620 civitatem
859 1574 1002 1621 reversus
1024 1553 1120 1620 fuerit
1127 1575 1135 1633 ;
1160 1575 1235 1619 nam
1256 1576 1302 1620 re
1324 1575 1350 1619 aa

129 1681 243 1726 versus
265 1653 390 1746 reeilpit
412 1661 549 1727 tutelam
570 1663 639 1726 iure
661 1659 861 1746 postliminii.
875 1661 893 1733 ΙΙ
1324 1677 1351 1722 ss

164 3847 193 3916 1)
212 3844 326 3915 (Roma)
345 3841 378 3898 C.
394 3843 486 3915 glossa
504 3843 624 3900 detrusit
641 3845 776 3920 ‘quidem'
794 3847 870 3917 quod
890 3849 985 3905 abesse
1005 3867 1061 3906 non
1080 3854 1175 3922 poisat
1193 3855 1259 3908 anie
1275 3852 1313 3926 ⁴iu

119 3951 273 4008 promens
291 3933 375 3990 vero'.

161 4026 190 4097 2)
209 4024 240 4080 0.
257 4022 406 4098 ›exisiai.'’
424 4023 613 4080 ef.vers.17:
631 4024 781 4096 „pendes”
800 4043 850 4096 pro
869 4027 1088 4101 ⁸exisiit’autem
1099 4033 1313 4097 auieastieitaut

120 4124 208 4172 exstat
224 4113 365 4170 sententia
382 4113 517 4186 postulat.
