2880 4614
429 89 486 138 aa
507 73 563 138 ur.
587 70 826 160 sarar-rar.
1149 67 1215 136 aar

85 265 257 330 Pecuniam
288 269 397 330 autam
426 265 582 330 creditam
600 264 750 328 dicimus
778 284 840 328 non
872 262 976 328 solum
1000 283 1090 336 eam,
1116 281 1212 347 quam
1226 281 1251 326 ra

42 371 184 438 credendi
203 375 208 456 )
229 391 323 436 causa
350 372 482 455 damus,
510 371 565 436 sed
594 390 739 447 omnem,
772 391 868 454 quam
896 373 972 434 tuno
995 390 1069 432 oum
1093 372 1251 432 eontra-ro

40 478 127 540 hitur
145 476 315 563 obligatio,
337 481 460 544 certum
480 477 485 560 1
506 481 554 540 est
568 477 590 556 1)
610 475 753 543 deditum
774 477 829 551 iri,
850 475 883 540 id
904 479 969 558 est,
983 478 1050 541 sine
1062 473 1209 539 ullaeon·
1223 493 1249 537 ao

39 583 159 650 dicione
190 582 356 649 deducitur
377 583 381 669 Ι
402 585 438 646 iu
464 581 725 669 ohligatione[m];
751 585 859 666 itaque
882 583 980 646 etiam
1005 601 1041 645 ea
1062 583 1250 666 pecuniam

39 710 139 772 quam·
152 691 185 752 in
206 689 292 756 diem
313 694 436 754 certum
457 689 525 753 dari
545 689 551 771 l
571 687 765 772 stipulamur
785 687 894 752 eodem
915 708 1048 752 numero
1062 690 1253 772 est3'qui'asa

40 800 160 860 certum
190 801 237 860 est
262 811 333 858 eam
355 795 491 862 debitam
510 795 599 878 um),
621 793 626 879 )
646 794 725 860 licet
745 799 816 880 post
836 799 963 878 tempus
982 797 1117 878 petatur.
1153 793 1252 877 Ap-sa

37 901 205 984 pellatione
236 889 343 966 autem
365 884 517 986 pecuniae
542 919 649 964 omnes
671 921 723 964 res
741 899 746 984 )
767 901 801 964 in
825 921 862 966 ea
883 900 956 987 lege
979 898 1254 986 significantur,ea

36 1010 142 1092 itaque
155 1009 180 1092 3)
206 1004 274 1073 etsi‘
288 1007 423 1071 fundum
436 1004 452 1086 ll
464 1005 518 1072 vel
541 1006 707 1079 hominem
731 1005 924 1090 stipulamur
947 1007 1031 1072 liaeo
1047 1006 1100 1072 lex
1117 1007 1223 1071 obser*
1267 1000 1332 1067 162

38 1113 138 1177 venda
162 1118 219 1177 est.
1285 1089 1355 1164 Ψ)

10 1216 27 1300 ἰ)
79 1218 127 1282 Ex
148 1217 154 1305 )
175 1219 366 1303 quibusdam
399 1223 507 1284 tamen
536 1219 639 1284 causis
667 1220 828 1302 permittit
856 1239 892 1283 ca
923 1218 976 1284 lex
1002 1220 1036 1282 in
1058 1217 1243 1283 infinituma

38 1315 123 1395 saltis
146 1328 304 1410 accipere,
328 1325 431 1390 ueluti
455 1327 482 1388 si
506 1325 589 1389 dotis
612 1326 739 1388 nomine
763 1323 816 1389 vel
839 1326 928 1401 eius²
952 1326 1035 1409 quod
1059 1347 1098 1390 err
1123 1330 1242 1390 testa-a

37 1435 143 1495 mento
166 1431 228 1494 tibi
252 1429 414 1510 debelatur
437 1435 493 1494 aut
516 1432 606 1494 iussu
629 1429 745 1494 iudicis
768 1432 845 1494 satis
868 1424 1051 1516 accipiatur.
1098 1435 1138 1494 Et
1161 1431 1242 1496 ad·s

37 1535 97 1600 huo
120 1536 194 1623 lege
214 1537 219 1621 )
239 1535 301 1620 †⁴)
324 1538 479 1618 vicesima
498 1536 714 1602 hereditatum
737 1540 884 1613 cavetur,
905 1541 943 1602 ut
966 1537 1069 1608 adeas
1082 1533 1243 1614 satisda-ls

38 1645 149 1720 tiones,
172 1664 251 1727 quae
271 1665 309 1708 ex
327 1665 363 1708 ea
382 1643 455 1732 lege
466 1648 704 1730 proponuntur,
717 1643 770 1710 lex
783 1641 929 1710 domelia
940 1664 1003 1708 non
1023 1644 1214 1730 {pertineat
1227 1663 1277 1720 ar

10 1746 26 1832 t)
79 1748 115 1814 In
149 1770 187 1814 eo
216 1770 340 1835 quoque
370 1748 440 1816 iure
453 1751 479 1834 ὅ)
501 1751 506 1834 l
526 1771 583 1835 par
605 1749 747 1816 condicio
770 1755 817 1816 est
841 1751 986 1815 omnium
1010 1771 1242 1835 sponsorum,a

36 1853 351 1941 fidepromislsoM,
371 1854 608 1932 fideiussorum,
629 1857 713 1940 quod
730 1857 776 1922 ita
795 1856 930 1946 obligari
949 1877 1011 1922 non
1030 1859 1193 1942 possalnlt
1206 1875 1241 1932 ,a

38 1974 73 2032 ut
84 1968 109 2056 6)
133 1967 233 2054 lplus
265 1969 414 2046 debeant,
447 1989 544 2055 quam
575 1969 670 2034 debet
682 1967 708 2055 7)
740 1969 786 2053 is,
814 1989 960 2054 proquo
981 1969 1211 2057 obligeln]tur;
1227 1989 1253 2034 ro

38 2083 91 2165 etl
112 2102 153 2146 err
185 2082 328 2158 diverso,
353 2086 391 2146 ut
413 2082 522 2147 minus
540 2082 691 2158 debeant,
714 2081 849 2170 obligari
872 2088 1020 2173 possunt,
1045 2083 1128 2148 siout
1150 2083 1253 2166 inlu

44 2187 280 2273 adstipulatoris
309 2209 441 2274 persona
468 2188 631 2267 diuimus;¹
657 2210 733 2254 nam
764 2194 801 2253 ut
833 2189 1070 2275 adstipulatoris
1092 2188 1139 2252 ita
1159 2190 1263 2272 lette,
1277 2211 1302 2254 ra

41 2293 155 2358 horum
185 2293 340 2382 obligatio
371 2296 505 2361 accessio
532 2300 580 2360 est
604 2294 787 2380 principalis
811 2289 1045 2393 obligatiolnis,
1068 2315 1125 2358 nec
1149 2293 1222 2378 plus
1235 2316 1260 2360 u

10 2397 32 2484 7)
44 2399 75 2464 in
99 2401 276 2466 accessione
300 2421 366 2466 esse
389 2406 510 2487 potest,
535 2422 631 2487 quam
653 2401 688 2465 in
711 2400 890 2486 prinoilpali
914 2402 997 2485 rei).
1031 2399 1068 2464 In
1092 2419 1128 2465 eo
1148 2419 1260 2484 quo-rs

36 2685 235 2749 »sessanum
264 2687 293 2739 ct
322 2685 418 2739 »mille
447 2685 569 2740 aeaeae
596 2685 731 2750 nummu,
761 2689 827 2740 aare
860 2685 995 2756 „viginti”
1025 2685 1096 2744 nihil
1116 2685 1228 2755 paruae

35 2774 127 2842 credo,
148 2775 203 2828 risi
226 2775 462 2840 SS=sestertia3
483 2793 554 2844 quae
579 2777 644 2830 ante
664 2775 811 2829 similibus*
828 2773 1000 2831 intercidisse
1016 2775 1117 2842 statui,
1134 2777 1231 2832 eadem

35 2865 87 2919 fere
106 2862 219 2926 addidit
237 2863 369 2918 Huschke
390 2865 420 2918 in
439 2865 503 2919 fine.

70 2964 98 3034 1)
120 2963 169 3019 C.:
192 2953 245 3017 ffet.

69 3053 97 3123 2)
116 3053 162 3108 (λε
184 3051 324 3107 debitiuri.

69 3143 97 3213 3)
118 3141 156 3212 (si
177 3143 275 3197 binum
294 3147 314 3195 1'1
332 3141 443 3212 fruffit.)
463 3142 493 3197 Ο.

68 3233 93 3302 *)
113 3249 195 3304 apag.
215 3231 331 3286 interior
349 3229 482 3286 facillime
501 3231 634 3302 legitur”.

68 3321 96 3392 4)
116 3321 173 3375 Hia
195 3325 271 3377 recte
297 3321 431 3376 adnotare
456 3321 581 3377 videtur:
603 3339 676 3376 »non
696 3323 811 3389 dubito,
831 3322 898 3392 quin
919 3323 1005 3378 Gaius
1024 3323 1054 3378 in
1073 3323 1116 3378 his
1135 3323 1228 3379 Instit.

34 3409 184 3480 scripserit:
205 3415 277 3482 »lopo
296 3412 369 3465 Iulio
389 3413 419 3464 de
438 3413 513 3466 vices.
532 3411 604 3465 torf
1034 3471 1036 3474 ,

68 3502 97 3571 5)
116 3501 159 3556 Gr
185 3501 215 3555 in
240 3517 272 3556 eo
295 3500 355 3554 iure
381 3517 490 3570 quoque
517 3501 602 3556 iuras.
641 3500 762 3556 Videtur
786 3501 815 3555 in
836 3501 941 3557 archet.
962 3503 1095 3557 mendum
1116 3502 1228 3557 »iurae”

34 3594 185 3646 correctum
211 3591 308 3656 tuisse,
333 3591 398 3646 inde
423 3595 610 3647 correctorem
634 3594 776 3662 receptam
802 3591 928 3647 videmus
949 3610 1013 3647 cum
1032 3593 1092 3667 ipso
1112 3594 1228 3651 mendo:

36 3679 167 3736 Similiter
186 3684 333 3751 peecatum
353 3697 412 3736 esse
432 3681 461 3735 in
482 3682 662 3751 sequentibus
680 3680 811 3736 indicavi.

71 3781 97 3850 6)
118 3770 201 3849 (de)
220 3781 271 3850 l:
280 3777 389 3849 regula)
409 3777 439 3832 O.

70 3869 98 3937 7)
118 3870 161 3925 Ost
183 3869 305 3924 deberet.

69 3959 97 4028 8)
116 3959 159 4015 st:
189 3975 244 4014 reo.
284 3957 474 4014 Correoturam
503 3957 609 4013 soih'oet
639 3959 733 4014 mendi
757 3959 789 4012 in
813 3959 942 4030 sequenti
968 3976 1050 4015 versu
1070 3963 1225 4030 commissi,

33 4047 79 4100 ubi
103 4049 171 4105 ›eo”
197 4067 246 4120 pro
269 4048 351 4104 ›reo''
375 4049 527 4115 habemus,
549 4048 639 4106 scriba
662 4049 827 4108 illitteratus
853 4050 919 4109 Ood.
946 4051 1010 4108 Ver.
1032 4052 1150 4112 credidit
1169 4055 1224 4114 huo

35 4138 178 4209 pertinere.
