<?xml version="1.0" encoding="UTF-8"?>
<!DOCTYPE html PUBLIC "-//W3C//DTD XHTML 1.0 Transitional//EN"
    "http://www.w3.org/TR/xhtml1/DTD/xhtml1-transitional.dtd">
<html xmlns="http://www.w3.org/1999/xhtml" xml:lang="en" lang="en">
 <head>
  <title>
</title>
<meta http-equiv="Content-Type" content="text/html;charset=utf-8" />
  <meta name='ocr-system' content='tesseract 3.04.00' />
  <meta name='ocr-capabilities' content='ocr_page ocr_carea ocr_par ocr_line ocrx_word'/>
</head>
<body>
  <div class='ocr_page' id='page_1' title='image "./syntagmainstitu01studgoog_0184.png"; bbox 0 0 2964 4596; ppageno 0'>
   <div class='ocr_carea' id='block_1_1' title="bbox 544 58 1268 144">
    <p class='ocr_par' dir='ltr' id='par_1_1' title="bbox 544 58 1268 144">
     <span class='ocr_line' id='line_1_1' title="bbox 544 58 1268 144; baseline 0.008 -22"><span class='ocrx_word' id='word_1_1' title='bbox 544 58 651 124; x_wconf 75' lang='lat' dir='ltr'>anri.</span> <span class='ocrx_word' id='word_1_2' title='bbox 675 59 867 144; x_wconf 65' lang='lat' dir='ltr'>§sss-so.</span> <span class='ocrx_word' id='word_1_3' title='bbox 1225 63 1268 128; x_wconf 86' lang='lat'>43</span> 
     </span>
    </p>
   </div>
   <div class='ocr_carea' id='block_1_2' title="bbox 2 240 1315 1080">
    <p class='ocr_par' dir='ltr' id='par_1_2' title="bbox 2 240 1315 1080">
     <span class='ocr_line' id='line_1_2' title="bbox 2 240 1315 341; baseline 0.01 -35"><span class='ocrx_word' id='word_1_4' title='bbox 2 240 75 328; x_wconf 73' lang='grc' dir='ltr'>Ι»48)</span> <span class='ocrx_word' id='word_1_5' title='bbox 89 248 163 308; x_wconf 87' lang='lat' dir='ltr'>tum</span> <span class='ocrx_word' id='word_1_6' title='bbox 196 245 269 308; x_wconf 81' lang='lat' dir='ltr'>lirit.</span> <span class='ocrx_word' id='word_1_7' title='bbox 283 241 311 324; x_wconf 74' lang='lat'>¹)</span> <span class='ocrx_word' id='word_1_8' title='bbox 342 245 425 310; x_wconf 90' lang='lat' dir='ltr'>Item</span> <span class='ocrx_word' id='word_1_9' title='bbox 456 247 572 314; x_wconf 89' lang='lat' dir='ltr'>liberos</span> <span class='ocrx_word' id='word_1_10' title='bbox 598 249 744 314; x_wconf 88' lang='lat' dir='ltr'>homines</span> <span class='ocrx_word' id='word_1_11' title='bbox 769 257 800 315; x_wconf 87' lang='lat' dir='ltr'>et</span> <span class='ocrx_word' id='word_1_12' title='bbox 824 273 873 316; x_wconf 88' lang='lat' dir='ltr'>res</span> <span class='ocrx_word' id='word_1_13' title='bbox 899 273 1001 317; x_wconf 90' lang='lat' dir='ltr'>sacras</span> <span class='ocrx_word' id='word_1_14' title='bbox 1022 253 1026 338; x_wconf 81' lang='grc' dir='ltr'>Ι</span> <span class='ocrx_word' id='word_1_15' title='bbox 1048 258 1079 318; x_wconf 91' lang='lat' dir='ltr'>et</span> <span class='ocrx_word' id='word_1_16' title='bbox 1102 253 1315 341; x_wconf 51' lang='lat' dir='ltr'>religiosasn‘</span> 
     </span>
     <span class='ocr_line' id='line_1_3' title="bbox 2 347 1309 446; baseline 0.01 -34"><span class='ocrx_word' id='word_1_17' title='bbox 2 347 75 437; x_wconf 83' lang='lat'>,49)</span> <span class='ocrx_word' id='word_1_18' title='bbox 88 353 225 436; x_wconf 87' lang='lat' dir='ltr'>usucapi</span> <span class='ocrx_word' id='word_1_19' title='bbox 255 372 318 416; x_wconf 93' lang='lat' dir='ltr'>non</span> <span class='ocrx_word' id='word_1_20' title='bbox 340 372 430 436; x_wconf 88' lang='lat' dir='ltr'>posse</span> <span class='ocrx_word' id='word_1_21' title='bbox 455 355 662 418; x_wconf 85' lang='lat' dir='ltr'>manifestum</span> <span class='ocrx_word' id='word_1_22' title='bbox 687 362 744 420; x_wconf 87' lang='lat' dir='ltr'>est.</span> <span class='ocrx_word' id='word_1_23' title='bbox 792 355 882 436; x_wconf 77' lang='lat' dir='ltr'>Quod</span> <span class='ocrx_word' id='word_1_24' title='bbox 907 378 982 446; x_wconf 79' lang='lat' dir='ltr'>ergo</span> <span class='ocrx_word' id='word_1_25' title='bbox 998 360 1007 444; x_wconf 81' lang='grc' dir='ltr'>,Ι</span> <span class='ocrx_word' id='word_1_26' title='bbox 1028 359 1127 446; x_wconf 79' lang='lat' dir='ltr'>vulgo</span> <span class='ocrx_word' id='word_1_27' title='bbox 1152 361 1309 425; x_wconf 78' lang='lat' dir='ltr'>diciturra</span> 
     </span>
     <span class='ocr_line' id='line_1_4' title="bbox 87 457 1307 552; baseline 0.009 -32"><span class='ocrx_word' id='word_1_28' title='bbox 87 457 285 522; x_wconf 88' lang='lat' dir='ltr'>furtivarum</span> <span class='ocrx_word' id='word_1_29' title='bbox 315 479 422 522; x_wconf 91' lang='lat' dir='ltr'>rerum</span> <span class='ocrx_word' id='word_1_30' title='bbox 453 464 485 524; x_wconf 85' lang='lat' dir='ltr'>et</span> <span class='ocrx_word' id='word_1_31' title='bbox 512 462 547 525; x_wconf 86' lang='grc' dir='ltr'>ιι</span> <span class='ocrx_word' id='word_1_32' title='bbox 578 466 802 548; x_wconf 69' lang='lat' dir='ltr'>possestsarum</span> <span class='ocrx_word' id='word_1_33' title='bbox 832 467 1057 550; x_wconf 80' lang='lat' dir='ltr'>usucapionem</span> <span class='ocrx_word' id='word_1_34' title='bbox 1085 487 1140 551; x_wconf 93' lang='lat' dir='ltr'>per</span> <span class='ocrx_word' id='word_1_35' title='bbox 1163 466 1270 552; x_wconf 76' lang='lat' dir='ltr'>legem</span> <span class='ocrx_word' id='word_1_36' title='bbox 1281 487 1307 531; x_wconf 83' lang='lat' dir='ltr'>u</span> 
     </span>
     <span class='ocr_line' id='line_1_5' title="bbox 86 559 1313 656; baseline 0.01 -30"><span class='ocrx_word' id='word_1_37' title='bbox 86 562 154 627; x_wconf 91' lang='grc' dir='ltr'>ΧΠ</span> <span class='ocrx_word' id='word_1_38' title='bbox 176 564 240 627; x_wconf 88' lang='lat' dir='ltr'>tab.</span> <span class='ocrx_word' id='word_1_39' title='bbox 265 564 460 648; x_wconf 74' lang='lat' dir='ltr'>prohibitam</span> <span class='ocrx_word' id='word_1_40' title='bbox 484 586 569 643; x_wconf 87' lang='lat' dir='ltr'>esse,</span> <span class='ocrx_word' id='word_1_41' title='bbox 594 587 656 631; x_wconf 92' lang='lat' dir='ltr'>non</span> <span class='ocrx_word' id='word_1_42' title='bbox 680 587 716 632; x_wconf 92' lang='lat' dir='ltr'>eo</span> <span class='ocrx_word' id='word_1_43' title='bbox 735 559 899 652; x_wconf 71' lang='lat' dir='ltr'>peritinet,</span> <span class='ocrx_word' id='word_1_44' title='bbox 922 575 960 634; x_wconf 92' lang='lat' dir='ltr'>ut</span> <span class='ocrx_word' id='word_1_45' title='bbox 977 593 1015 634; x_wconf 88' lang='lat' dir='ltr'>ne</span> <span class='ocrx_word' id='word_1_46' title='bbox 1034 572 1097 656; x_wconf 87' lang='lat' dir='ltr'>ipse</span> <span class='ocrx_word' id='word_1_47' title='bbox 1115 571 1166 636; x_wconf 73' lang='lat' dir='ltr'>iuer</span> <span class='ocrx_word' id='word_1_48' title='bbox 1184 572 1313 656; x_wconf 81' lang='lat' dir='ltr'>puiceu</span> 
     </span>
     <span class='ocr_line' id='line_1_6' title="bbox 87 669 1307 759; baseline 0.009 -27"><span class='ocrx_word' id='word_1_49' title='bbox 87 689 148 754; x_wconf 91' lang='lat' dir='ltr'>per</span> <span class='ocrx_word' id='word_1_50' title='bbox 171 672 240 734; x_wconf 85' lang='lat' dir='ltr'>vim</span> <span class='ocrx_word' id='word_1_51' title='bbox 255 669 393 752; x_wconf 92' lang='lat' dir='ltr'>possidet</span> <span class='ocrx_word' id='word_1_52' title='bbox 415 691 586 756; x_wconf 79' lang='lat' dir='ltr'>usucapere</span> <span class='ocrx_word' id='word_1_53' title='bbox 604 676 706 756; x_wconf 87' lang='lat' dir='ltr'>possit</span> <span class='ocrx_word' id='word_1_54' title='bbox 721 673 757 759; x_wconf 83' lang='lat'>²),</span> <span class='ocrx_word' id='word_1_55' title='bbox 781 675 785 758; x_wconf 89' lang='grc' dir='ltr'>Ι</span> <span class='ocrx_word' id='word_1_56' title='bbox 808 713 849 722; x_wconf 95' lang='grc'>-</span> <span class='ocrx_word' id='word_1_57' title='bbox 869 697 946 740; x_wconf 90' lang='lat' dir='ltr'>nam</span> <span class='ocrx_word' id='word_1_58' title='bbox 968 676 1045 741; x_wconf 90' lang='lat' dir='ltr'>huic</span> <span class='ocrx_word' id='word_1_59' title='bbox 1065 677 1128 742; x_wconf 88' lang='lat' dir='ltr'>alia</span> <span class='ocrx_word' id='word_1_60' title='bbox 1148 681 1269 742; x_wconf 90' lang='lat' dir='ltr'>ratione</span> <span class='ocrx_word' id='word_1_61' title='bbox 1281 699 1307 743; x_wconf 80' lang='lat' dir='ltr'>rc</span> 
     </span>
     <span class='ocr_line' id='line_1_7' title="bbox 87 777 1309 867; baseline 0.009 -30"><span class='ocrx_word' id='word_1_62' title='bbox 87 777 244 860; x_wconf 81' lang='lat' dir='ltr'>usucapio</span> <span class='ocrx_word' id='word_1_63' title='bbox 267 795 330 840; x_wconf 93' lang='lat' dir='ltr'>non</span> <span class='ocrx_word' id='word_1_64' title='bbox 354 780 524 862; x_wconf 83' lang='lat' dir='ltr'>competit,</span> <span class='ocrx_word' id='word_1_65' title='bbox 550 781 626 863; x_wconf 91' lang='lat' dir='ltr'>quia</span> <span class='ocrx_word' id='word_1_66' title='bbox 648 777 780 864; x_wconf 74' lang='lat' dir='ltr'>scililcet</span> <span class='ocrx_word' id='word_1_67' title='bbox 803 781 889 846; x_wconf 91' lang='lat' dir='ltr'>mala</span> <span class='ocrx_word' id='word_1_68' title='bbox 912 781 972 847; x_wconf 86' lang='lat' dir='ltr'>fide</span> <span class='ocrx_word' id='word_1_69' title='bbox 995 783 1147 867; x_wconf 86' lang='lat' dir='ltr'>possidet;</span> <span class='ocrx_word' id='word_1_70' title='bbox 1163 822 1203 832; x_wconf 89' lang='lat'>-</span> <span class='ocrx_word' id='word_1_71' title='bbox 1218 783 1272 848; x_wconf 89' lang='lat' dir='ltr'>sed</span> <span class='ocrx_word' id='word_1_72' title='bbox 1283 805 1309 848; x_wconf 82' lang='grc' dir='ltr'>ιι</span> 
     </span>
     <span class='ocr_line' id='line_1_8' title="bbox 88 881 1309 976; baseline 0.008 -32"><span class='ocrx_word' id='word_1_73' title='bbox 88 901 151 944; x_wconf 91' lang='lat' dir='ltr'>nec</span> <span class='ocrx_word' id='word_1_74' title='bbox 175 881 262 945; x_wconf 90' lang='lat' dir='ltr'>ullus</span> <span class='ocrx_word' id='word_1_75' title='bbox 285 881 384 958; x_wconf 89' lang='lat' dir='ltr'>alius,</span> <span class='ocrx_word' id='word_1_76' title='bbox 406 904 598 968; x_wconf 91' lang='lat' dir='ltr'>quamquam</span> <span class='ocrx_word' id='word_1_77' title='bbox 624 885 662 949; x_wconf 92' lang='lat' dir='ltr'>ab</span> <span class='ocrx_word' id='word_1_78' title='bbox 675 903 711 950; x_wconf 92' lang='lat' dir='ltr'>eo</span> <span class='ocrx_word' id='word_1_79' title='bbox 732 886 737 969; x_wconf 73' lang='grc' dir='ltr'>Ι</span> <span class='ocrx_word' id='word_1_80' title='bbox 758 886 839 950; x_wconf 91' lang='lat' dir='ltr'>bona</span> <span class='ocrx_word' id='word_1_81' title='bbox 851 885 911 951; x_wconf 87' lang='lat' dir='ltr'>fide</span> <span class='ocrx_word' id='word_1_82' title='bbox 923 891 1052 966; x_wconf 86' lang='lat' dir='ltr'>emerit,</span> <span class='ocrx_word' id='word_1_83' title='bbox 1065 889 1272 976; x_wconf 88' lang='lat' dir='ltr'>usucapiendi</span> <span class='ocrx_word' id='word_1_84' title='bbox 1282 910 1309 954; x_wconf 80' lang='lat' dir='ltr'>rs</span> 
     </span>
     <span class='ocr_line' id='line_1_9' title="bbox 3 978 1309 1080; baseline 0.009 -32"><span class='ocrx_word' id='word_1_85' title='bbox 3 983 74 1071; x_wconf 37' lang='grc' dir='ltr'>η50)</span> <span class='ocrx_word' id='word_1_86' title='bbox 89 989 145 1051; x_wconf 91' lang='lat' dir='ltr'>ius</span> <span class='ocrx_word' id='word_1_87' title='bbox 176 986 301 1051; x_wconf 88' lang='lat' dir='ltr'>habeat.</span> <span class='ocrx_word' id='word_1_88' title='bbox 347 987 439 1053; x_wconf 87' lang='lat' dir='ltr'>Unde</span> <span class='ocrx_word' id='word_1_89' title='bbox 469 991 504 1052; x_wconf 91' lang='lat' dir='ltr'>in</span> <span class='ocrx_word' id='word_1_90' title='bbox 534 991 628 1054; x_wconf 89' lang='lat' dir='ltr'>rebus</span> <span class='ocrx_word' id='word_1_91' title='bbox 650 978 836 1068; x_wconf 77' lang='lat' dir='ltr'>mobililbus</span> <span class='ocrx_word' id='word_1_92' title='bbox 859 1012 922 1057; x_wconf 92' lang='lat' dir='ltr'>non</span> <span class='ocrx_word' id='word_1_93' title='bbox 946 993 1038 1059; x_wconf 85' lang='lat' dir='ltr'>facile</span> <span class='ocrx_word' id='word_1_94' title='bbox 1062 997 1214 1080; x_wconf 74' lang='lat' dir='ltr'>procedit,</span> <span class='ocrx_word' id='word_1_95' title='bbox 1237 1002 1271 1058; x_wconf 85' lang='lat' dir='ltr'>ui</span> <span class='ocrx_word' id='word_1_96' title='bbox 1283 1015 1309 1060; x_wconf 83' lang='grc' dir='ltr'>ιι</span> 
     </span>
    </p>
   </div>
   <div class='ocr_carea' id='block_1_3' title="bbox 88 1091 1309 1290">
    <p class='ocr_par' dir='ltr' id='par_1_3' title="bbox 88 1091 1309 1290">
     <span class='ocr_line' id='line_1_10' title="bbox 89 1091 1309 1188; baseline 0.007 -34"><span class='ocrx_word' id='word_1_97' title='bbox 89 1093 187 1155; x_wconf 85' lang='lat' dir='ltr'>douae</span> <span class='ocrx_word' id='word_1_98' title='bbox 201 1093 282 1176; x_wconf 80' lang='lat' dir='ltr'>fidei</span> <span class='ocrx_word' id='word_1_99' title='bbox 296 1094 460 1176; x_wconf 70' lang='lat' dir='ltr'>possessori</span> <span class='ocrx_word' id='word_1_100' title='bbox 482 1097 622 1178; x_wconf 76' lang='lat' dir='ltr'>usucapio</span> <span class='ocrx_word' id='word_1_101' title='bbox 645 1091 862 1188; x_wconf 73' lang='lat' dir='ltr'>co²)m[petat,</span> <span class='ocrx_word' id='word_1_102' title='bbox 878 1101 953 1182; x_wconf 88' lang='lat' dir='ltr'>quia</span> <span class='ocrx_word' id='word_1_103' title='bbox 971 1103 1027 1184; x_wconf 89' lang='lat' dir='ltr'>qui</span> <span class='ocrx_word' id='word_1_104' title='bbox 1048 1101 1185 1167; x_wconf 91' lang='lat' dir='ltr'>alienam</span> <span class='ocrx_word' id='word_1_105' title='bbox 1202 1122 1271 1165; x_wconf 87' lang='lat' dir='ltr'>rem</span> <span class='ocrx_word' id='word_1_106' title='bbox 1283 1121 1309 1164; x_wconf 78' lang='lat' dir='ltr'>so</span> 
     </span>
     <span class='ocr_line' id='line_1_11' title="bbox 88 1199 1308 1290; baseline 0.005 -26"><span class='ocrx_word' id='word_1_107' title='bbox 88 1199 240 1264; x_wconf 87' lang='lat' dir='ltr'>vendidit</span> <span class='ocrx_word' id='word_1_108' title='bbox 271 1204 302 1264; x_wconf 92' lang='lat' dir='ltr'>et</span> <span class='ocrx_word' id='word_1_109' title='bbox 333 1200 465 1264; x_wconf 75' lang='lat' dir='ltr'>tradidit</span> <span class='ocrx_word' id='word_1_110' title='bbox 496 1201 631 1276; x_wconf 77' lang='lat' dir='ltr'>furitum</span> <span class='ocrx_word' id='word_1_111' title='bbox 655 1205 847 1280; x_wconf 89' lang='lat' dir='ltr'>committit;</span> <span class='ocrx_word' id='word_1_112' title='bbox 872 1204 1021 1290; x_wconf 85' lang='lat' dir='ltr'>idemque</span> <span class='ocrx_word' id='word_1_113' title='bbox 1041 1207 1156 1272; x_wconf 88' lang='lat' dir='ltr'>accidit</span> <span class='ocrx_word' id='word_1_114' title='bbox 1174 1210 1308 1272; x_wconf 79' lang='lat' dir='ltr'>etiamn</span> 
     </span>
    </p>
   </div>
   <div class='ocr_carea' id='block_1_4' title="bbox 90 1303 1315 1398">
    <p class='ocr_par' dir='ltr' id='par_1_4' title="bbox 90 1303 1315 1398">
     <span class='ocr_line' id='line_1_12' title="bbox 90 1303 1315 1398; baseline 0.006 -30"><span class='ocrx_word' id='word_1_115' title='bbox 90 1306 121 1368; x_wconf 90' lang='lat' dir='ltr'>si</span> <span class='ocrx_word' id='word_1_116' title='bbox 154 1325 192 1367; x_wconf 85' lang='lat' dir='ltr'>ex</span> <span class='ocrx_word' id='word_1_117' title='bbox 223 1303 285 1369; x_wconf 85' lang='lat' dir='ltr'>alic</span> <span class='ocrx_word' id='word_1_118' title='bbox 317 1307 656 1396; x_wconf 69' lang='lat' dir='ltr'>causattradatur13)</span> <span class='ocrx_word' id='word_1_119' title='bbox 689 1311 744 1374; x_wconf 91' lang='lat' dir='ltr'>sed</span> <span class='ocrx_word' id='word_1_120' title='bbox 774 1315 881 1374; x_wconf 90' lang='lat' dir='ltr'>tamen</span> <span class='ocrx_word' id='word_1_121' title='bbox 906 1312 965 1376; x_wconf 90' lang='lat' dir='ltr'>hoc</span> <span class='ocrx_word' id='word_1_122' title='bbox 989 1312 1157 1398; x_wconf 90' lang='lat' dir='ltr'>aliquando</span> <span class='ocrx_word' id='word_1_123' title='bbox 1182 1313 1315 1378; x_wconf 73' lang='lat' dir='ltr'>aliterue</span> 
     </span>
    </p>
   </div>
   <div class='ocr_carea' id='block_1_5' title="bbox 74 1563 326 1576">
    <p class='ocr_par' dir='ltr' id='par_1_5' title="bbox 74 1563 326 1576">
     <span class='ocr_line' id='line_1_13' title="bbox 74 1563 326 1576; baseline 0 -2"><span class='ocrx_word' id='word_1_124' title='bbox 74 1563 326 1576; x_wconf 68' lang='grc' dir='ltr'>ο--ι--ι-</span> 
     </span>
    </p>
   </div>
   <div class='ocr_carea' id='block_1_6' title="bbox 83 1684 1354 4161">
    <p class='ocr_par' dir='ltr' id='par_1_6' title="bbox 85 1684 1324 1904">
     <span class='ocr_line' id='line_1_14' title="bbox 127 1684 1324 1817; baseline 0.005 -41"><span class='ocrx_word' id='word_1_125' title='bbox 127 1723 156 1796; x_wconf 83' lang='grc'>1)</span> <span class='ocrx_word' id='word_1_126' title='bbox 175 1723 259 1779; x_wconf 88' lang='lat' dir='ltr'>lectio</span> <span class='ocrx_word' id='word_1_127' title='bbox 285 1723 406 1780; x_wconf 86' lang='lat' dir='ltr'>ineerta:</span> <span class='ocrx_word' id='word_1_128' title='bbox 432 1684 492 1817; x_wconf 54' lang='grc' dir='ltr'>ῖιιιῐ</span> <span class='ocrx_word' id='word_1_129' title='bbox 511 1734 632 1780; x_wconf 72' lang='lat' dir='ltr'>»cauum</span> <span class='ocrx_word' id='word_1_130' title='bbox 647 1724 701 1780; x_wconf 74' lang='lat' dir='ltr'>esi&#39;</span> <span class='ocrx_word' id='word_1_131' title='bbox 718 1725 861 1782; x_wconf 88' lang='lat' dir='ltr'>scribitur:</span> <span class='ocrx_word' id='word_1_132' title='bbox 879 1743 909 1780; x_wconf 89' lang='lat' dir='ltr'>ee</span> <span class='ocrx_word' id='word_1_133' title='bbox 929 1725 1047 1793; x_wconf 81' lang='lat' dir='ltr'>litteris,</span> <span class='ocrx_word' id='word_1_134' title='bbox 1066 1727 1170 1782; x_wconf 89' lang='lat' dir='ltr'>lineola</span> <span class='ocrx_word' id='word_1_135' title='bbox 1190 1744 1284 1799; x_wconf 87' lang='lat' dir='ltr'>super·</span> <span class='ocrx_word' id='word_1_136' title='bbox 1321 1756 1324 1760; x_wconf 91' lang='lat'>·</span> 
     </span>
     <span class='ocr_line' id='line_1_15' title="bbox 85 1834 802 1904; baseline 0 -14"><span class='ocrx_word' id='word_1_137' title='bbox 85 1834 203 1904; x_wconf 77' lang='lat' dir='ltr'>scripta.</span> <span class='ocrx_word' id='word_1_138' title='bbox 740 1864 743 1870; x_wconf 75' lang='lat'>=</span> <span class='ocrx_word' id='word_1_139' title='bbox 796 1869 802 1881; x_wconf 87' lang='lat'><strong>·</strong></span> 
     </span>
    </p>

    <p class='ocr_par' dir='ltr' id='par_1_7' title="bbox 83 1924 1286 2088">
     <span class='ocr_line' id='line_1_16' title="bbox 128 1924 1286 2000; baseline 0.005 -22"><span class='ocrx_word' id='word_1_140' title='bbox 128 1926 161 1995; x_wconf 87' lang='lat'>2)</span> <span class='ocrx_word' id='word_1_141' title='bbox 178 1924 302 1980; x_wconf 85' lang='lat' dir='ltr'>Litterae</span> <span class='ocrx_word' id='word_1_142' title='bbox 327 1925 462 1982; x_wconf 83' lang='lat' dir='ltr'>distincta</span> <span class='ocrx_word' id='word_1_143' title='bbox 485 1927 574 1998; x_wconf 82' lang='lat' dir='ltr'>magis</span> <span class='ocrx_word' id='word_1_144' title='bbox 600 1927 765 1982; x_wconf 90' lang='lat' dir='ltr'>coniecturis</span> <span class='ocrx_word' id='word_1_145' title='bbox 792 1927 916 1982; x_wconf 80' lang='lat' dir='ltr'>Studem.</span> <span class='ocrx_word' id='word_1_146' title='bbox 937 1928 1088 1998; x_wconf 86' lang='lat' dir='ltr'>debentur,</span> <span class='ocrx_word' id='word_1_147' title='bbox 1107 1949 1192 2000; x_wconf 87' lang='lat' dir='ltr'>quam</span> <span class='ocrx_word' id='word_1_148' title='bbox 1211 1931 1286 2000; x_wconf 85' lang='lat' dir='ltr'>quod</span> 
     </span>
     <span class='ocr_line' id='line_1_17' title="bbox 83 2014 457 2088; baseline 0.008 -19"><span class='ocrx_word' id='word_1_149' title='bbox 83 2015 122 2070; x_wconf 89' lang='lat' dir='ltr'>V.</span> <span class='ocrx_word' id='word_1_150' title='bbox 146 2014 187 2068; x_wconf 85' lang='lat' dir='ltr'>Ol.</span> <span class='ocrx_word' id='word_1_151' title='bbox 208 2031 254 2068; x_wconf 88' lang='lat' dir='ltr'>eas</span> <span class='ocrx_word' id='word_1_152' title='bbox 274 2015 361 2070; x_wconf 91' lang='lat' dir='ltr'>oculis</span> <span class='ocrx_word' id='word_1_153' title='bbox 379 2017 457 2088; x_wconf 82' lang='lat' dir='ltr'>legit.</span> 
     </span>
    </p>

    <p class='ocr_par' dir='ltr' id='par_1_8' title="bbox 85 2104 1354 4161">
     <span class='ocr_line' id='line_1_18' title="bbox 127 2104 1287 2180; baseline 0.005 -22"><span class='ocrx_word' id='word_1_154' title='bbox 127 2105 161 2175; x_wconf 85' lang='lat'>3)</span> <span class='ocrx_word' id='word_1_155' title='bbox 180 2104 384 2175; x_wconf 80' lang='lat' dir='ltr'>Excogitarunt</span> <span class='ocrx_word' id='word_1_156' title='bbox 401 2106 569 2162; x_wconf 87' lang='lat' dir='ltr'>recentiores</span> <span class='ocrx_word' id='word_1_157' title='bbox 586 2107 670 2162; x_wconf 88' lang='lat' dir='ltr'>aliam</span> <span class='ocrx_word' id='word_1_158' title='bbox 687 2107 822 2162; x_wconf 82' lang='lat' dir='ltr'>rationem</span> <span class='ocrx_word' id='word_1_159' title='bbox 840 2108 1032 2178; x_wconf 83' lang='lat' dir='ltr'>usucapionis,</span> <span class='ocrx_word' id='word_1_160' title='bbox 1049 2127 1134 2180; x_wconf 85' lang='lat' dir='ltr'>quarn</span> <span class='ocrx_word' id='word_1_161' title='bbox 1151 2111 1287 2180; x_wconf 86' lang='lat' dir='ltr'>optimam</span> 
     </span>
     <span class='ocr_line' id='line_1_19' title="bbox 85 2195 1287 2269; baseline 0.004 -21"><span class='ocrx_word' id='word_1_162' title='bbox 85 2195 186 2261; x_wconf 89' lang='lat' dir='ltr'>illam,</span> <span class='ocrx_word' id='word_1_163' title='bbox 207 2213 292 2263; x_wconf 90' lang='lat' dir='ltr'>quam</span> <span class='ocrx_word' id='word_1_164' title='bbox 312 2195 397 2250; x_wconf 81' lang='lat' dir='ltr'>Gaius</span> <span class='ocrx_word' id='word_1_165' title='bbox 415 2197 475 2268; x_wconf 90' lang='lat' dir='ltr'>ipse</span> <span class='ocrx_word' id='word_1_166' title='bbox 495 2214 578 2268; x_wconf 88' lang='lat' dir='ltr'>supra</span> <span class='ocrx_word' id='word_1_167' title='bbox 597 2199 625 2267; x_wconf 66' lang='grc' dir='ltr'>(ξ</span> <span class='ocrx_word' id='word_1_168' title='bbox 636 2197 685 2269; x_wconf 84' lang='grc'>44)</span> <span class='ocrx_word' id='word_1_169' title='bbox 706 2197 800 2264; x_wconf 89' lang='lat' dir='ltr'>docet,</span> <span class='ocrx_word' id='word_1_170' title='bbox 820 2199 904 2267; x_wconf 90' lang='lat' dir='ltr'>inque</span> <span class='ocrx_word' id='word_1_171' title='bbox 924 2197 1064 2269; x_wconf 84' lang='lat' dir='ltr'>duplicem</span> <span class='ocrx_word' id='word_1_172' title='bbox 1081 2216 1200 2255; x_wconf 87' lang='lat' dir='ltr'>errorem</span> <span class='ocrx_word' id='word_1_173' title='bbox 1216 2200 1287 2255; x_wconf 89' lang='lat' dir='ltr'>inci-</span> 
     </span>
     <span class='ocr_line' id='line_1_20' title="bbox 87 2281 1285 2360; baseline 0.004 -21"><span class='ocrx_word' id='word_1_174' title='bbox 87 2281 210 2352; x_wconf 84' lang='lat' dir='ltr'>derunt,</span> <span class='ocrx_word' id='word_1_175' title='bbox 233 2303 297 2339; x_wconf 91' lang='lat' dir='ltr'>cum</span> <span class='ocrx_word' id='word_1_176' title='bbox 323 2303 357 2340; x_wconf 86' lang='lat' dir='ltr'>cx</span> <span class='ocrx_word' id='word_1_177' title='bbox 377 2290 549 2358; x_wconf 84' lang='lat' dir='ltr'>possessionis</span> <span class='ocrx_word' id='word_1_178' title='bbox 567 2290 623 2341; x_wconf 79' lang='lat' dir='ltr'>iure</span> <span class='ocrx_word' id='word_1_179' title='bbox 642 2289 890 2358; x_wconf 76' lang='lat' dir='ltr'>eamrepeterent.</span> <span class='ocrx_word' id='word_1_180' title='bbox 919 2287 1079 2354; x_wconf 82' lang='lat' dir='ltr'>Quaerere</span> <span class='ocrx_word' id='word_1_181' title='bbox 1098 2306 1157 2345; x_wconf 88' lang='lat' dir='ltr'>esse</span> <span class='ocrx_word' id='word_1_182' title='bbox 1176 2293 1285 2360; x_wconf 86' lang='lat' dir='ltr'>posset,</span> 
     </span>
     <span class='ocr_line' id='line_1_21' title="bbox 87 2375 1285 2450; baseline 0.003 -20"><span class='ocrx_word' id='word_1_183' title='bbox 87 2375 113 2430; x_wconf 86' lang='lat' dir='ltr'>si</span> <span class='ocrx_word' id='word_1_184' title='bbox 139 2375 319 2445; x_wconf 82' lang='lat' dir='ltr'>possessionis</span> <span class='ocrx_word' id='word_1_185' title='bbox 343 2377 434 2431; x_wconf 87' lang='lat' dir='ltr'>ullum</span> <span class='ocrx_word' id='word_1_186' title='bbox 458 2378 503 2432; x_wconf 89' lang='lat' dir='ltr'>ius</span> <span class='ocrx_word' id='word_1_187' title='bbox 527 2377 556 2431; x_wconf 91' lang='lat' dir='ltr'>in</span> <span class='ocrx_word' id='word_1_188' title='bbox 581 2377 641 2431; x_wconf 88' lang='lat' dir='ltr'>iure</span> <span class='ocrx_word' id='word_1_189' title='bbox 666 2377 742 2432; x_wconf 81' lang='lat' dir='ltr'>civili</span> <span class='ocrx_word' id='word_1_190' title='bbox 765 2380 908 2447; x_wconf 85' lang='lat' dir='ltr'>receptum</span> <span class='ocrx_word' id='word_1_191' title='bbox 932 2380 1019 2444; x_wconf 85' lang='lat' dir='ltr'>esset,</span> <span class='ocrx_word' id='word_1_192' title='bbox 1050 2381 1079 2434; x_wconf 85' lang='lat' dir='ltr'>et</span> <span class='ocrx_word' id='word_1_193' title='bbox 1106 2379 1129 2433; x_wconf 89' lang='lat' dir='ltr'>si</span> <span class='ocrx_word' id='word_1_194' title='bbox 1153 2380 1285 2450; x_wconf 76' lang='lat' dir='ltr'>usucapio</span> 
     </span>
     <span class='ocr_line' id='line_1_22' title="bbox 85 2466 1287 2540; baseline 0.001 -19"><span class='ocrx_word' id='word_1_195' title='bbox 85 2466 293 2537; x_wconf 87' lang='lat' dir='ltr'>possessionem</span> <span class='ocrx_word' id='word_1_196' title='bbox 317 2485 416 2538; x_wconf 82' lang='lat' dir='ltr'>semper</span> <span class='ocrx_word' id='word_1_197' title='bbox 439 2469 608 2540; x_wconf 85' lang='lat' dir='ltr'>sequeretur.</span> <span class='ocrx_word' id='word_1_198' title='bbox 648 2467 702 2521; x_wconf 81' lang='lat' dir='ltr'>Sed</span> <span class='ocrx_word' id='word_1_199' title='bbox 720 2483 781 2520; x_wconf 90' lang='lat' dir='ltr'>eam</span> <span class='ocrx_word' id='word_1_200' title='bbox 802 2483 836 2521; x_wconf 87' lang='lat' dir='ltr'>ex</span> <span class='ocrx_word' id='word_1_201' title='bbox 854 2485 886 2522; x_wconf 88' lang='lat' dir='ltr'>eo</span> <span class='ocrx_word' id='word_1_202' title='bbox 906 2467 984 2522; x_wconf 84' lang='lat' dir='ltr'>fonte</span> <span class='ocrx_word' id='word_1_203' title='bbox 1002 2485 1058 2522; x_wconf 88' lang='lat' dir='ltr'>non</span> <span class='ocrx_word' id='word_1_204' title='bbox 1076 2469 1202 2534; x_wconf 85' lang='lat' dir='ltr'>fluxisse,</span> <span class='ocrx_word' id='word_1_205' title='bbox 1222 2468 1287 2523; x_wconf 90' lang='lat' dir='ltr'>inde</span> 
     </span>
     <span class='ocr_line' id='line_1_23' title="bbox 87 2555 1289 2629; baseline 0.001 -17"><span class='ocrx_word' id='word_1_206' title='bbox 87 2555 159 2612; x_wconf 83' lang='lat' dir='ltr'>satis</span> <span class='ocrx_word' id='word_1_207' title='bbox 178 2555 360 2612; x_wconf 83' lang='lat' dir='ltr'>manifestum</span> <span class='ocrx_word' id='word_1_208' title='bbox 384 2559 442 2624; x_wconf 87' lang='lat' dir='ltr'>eet,</span> <span class='ocrx_word' id='word_1_209' title='bbox 458 2558 533 2627; x_wconf 89' lang='lat' dir='ltr'>quod</span> <span class='ocrx_word' id='word_1_210' title='bbox 551 2574 607 2612; x_wconf 90' lang='lat' dir='ltr'>non</span> <span class='ocrx_word' id='word_1_211' title='bbox 627 2557 774 2627; x_wconf 87' lang='lat' dir='ltr'>procedat,</span> <span class='ocrx_word' id='word_1_212' title='bbox 794 2557 848 2611; x_wconf 90' lang='lat' dir='ltr'>nisi</span> <span class='ocrx_word' id='word_1_213' title='bbox 866 2557 915 2610; x_wconf 89' lang='lat' dir='ltr'>ubi</span> <span class='ocrx_word' id='word_1_214' title='bbox 933 2573 1075 2629; x_wconf 82' lang='lat' dir='ltr'>possessor</span> <span class='ocrx_word' id='word_1_215' title='bbox 1093 2559 1167 2613; x_wconf 92' lang='lat' dir='ltr'>bona</span> <span class='ocrx_word' id='word_1_216' title='bbox 1185 2557 1238 2612; x_wconf 92' lang='lat' dir='ltr'>fide</span> <span class='ocrx_word' id='word_1_217' title='bbox 1258 2559 1289 2613; x_wconf 84' lang='lat' dir='ltr'>et</span> 
     </span>
     <span class='ocr_line' id='line_1_24' title="bbox 85 2645 1287 2717; baseline 0.001 -16"><span class='ocrx_word' id='word_1_218' title='bbox 85 2647 164 2702; x_wconf 88' lang='lat' dir='ltr'>iusto</span> <span class='ocrx_word' id='word_1_219' title='bbox 193 2645 279 2700; x_wconf 87' lang='lat' dir='ltr'>titulo</span> <span class='ocrx_word' id='word_1_220' title='bbox 308 2647 477 2717; x_wconf 87' lang='lat' dir='ltr'>possederit,</span> <span class='ocrx_word' id='word_1_221' title='bbox 506 2649 556 2709; x_wconf 86' lang='lat' dir='ltr'>aut</span> <span class='ocrx_word' id='word_1_222' title='bbox 583 2647 613 2700; x_wconf 89' lang='lat' dir='ltr'>in</span> <span class='ocrx_word' id='word_1_223' title='bbox 641 2646 674 2700; x_wconf 89' lang='lat' dir='ltr'>iis</span> <span class='ocrx_word' id='word_1_224' title='bbox 704 2647 828 2712; x_wconf 87' lang='lat' dir='ltr'>casibus,</span> <span class='ocrx_word' id='word_1_225' title='bbox 855 2663 923 2715; x_wconf 86' lang='lat' dir='ltr'>quoe</span> <span class='ocrx_word' id='word_1_226' title='bbox 943 2651 1090 2703; x_wconf 85' lang='lat' dir='ltr'>enumerat</span> <span class='ocrx_word' id='word_1_227' title='bbox 1109 2648 1195 2702; x_wconf 66' lang='lat' dir='ltr'>Gaiam</span> <span class='ocrx_word' id='word_1_228' title='bbox 1212 2647 1287 2702; x_wconf 89' lang='lat' dir='ltr'>infra</span> 
     </span>
     <span class='ocr_line' id='line_1_25' title="bbox 87 2736 1287 2809; baseline 0.003 -19"><span class='ocrx_word' id='word_1_229' title='bbox 87 2738 155 2807; x_wconf 71' lang='lat'>§52</span> <span class='ocrx_word' id='word_1_230' title='bbox 176 2757 217 2809; x_wconf 88' lang='lat' dir='ltr'>sq.</span> <span class='ocrx_word' id='word_1_231' title='bbox 242 2740 341 2807; x_wconf 75' lang='lat' dir='ltr'>Itaque</span> <span class='ocrx_word' id='word_1_232' title='bbox 361 2738 505 2793; x_wconf 86' lang='lat' dir='ltr'>credamus</span> <span class='ocrx_word' id='word_1_233' title='bbox 524 2736 611 2803; x_wconf 79' lang='lat' dir='ltr'>Gaio,</span> <span class='ocrx_word' id='word_1_234' title='bbox 631 2736 734 2806; x_wconf 90' lang='lat' dir='ltr'>quippe</span> <span class='ocrx_word' id='word_1_235' title='bbox 753 2737 802 2806; x_wconf 86' lang='lat' dir='ltr'>qui</span> <span class='ocrx_word' id='word_1_236' title='bbox 821 2736 851 2791; x_wconf 91' lang='lat' dir='ltr'>id</span> <span class='ocrx_word' id='word_1_237' title='bbox 868 2736 956 2803; x_wconf 87' lang='lat' dir='ltr'>dicat,</span> <span class='ocrx_word' id='word_1_238' title='bbox 973 2739 1047 2808; x_wconf 88' lang='lat' dir='ltr'>quod</span> <span class='ocrx_word' id='word_1_239' title='bbox 1058 2739 1168 2794; x_wconf 78' lang='lat' dir='ltr'>stratio</span> <span class='ocrx_word' id='word_1_240' title='bbox 1179 2737 1287 2794; x_wconf 88' lang='lat' dir='ltr'>suadet.</span> 
     </span>
     <span class='ocr_line' id='line_1_26' title="bbox 86 2827 1287 2900; baseline 0.001 -18"><span class='ocrx_word' id='word_1_241' title='bbox 86 2828 147 2882; x_wconf 89' lang='lat' dir='ltr'>Ubi</span> <span class='ocrx_word' id='word_1_242' title='bbox 167 2829 251 2883; x_wconf 76' lang='lat' dir='ltr'>»boni</span> <span class='ocrx_word' id='word_1_243' title='bbox 271 2828 358 2900; x_wconf 89' lang='lat' dir='ltr'>patris</span> <span class='ocrx_word' id='word_1_244' title='bbox 377 2827 462 2882; x_wconf 83' lang='lat' dir='ltr'>fam.&#39;&#39;</span> <span class='ocrx_word' id='word_1_245' title='bbox 483 2830 526 2883; x_wconf 88' lang='lat' dir='ltr'>est</span> <span class='ocrx_word' id='word_1_246' title='bbox 545 2844 621 2882; x_wconf 81' lang='lat' dir='ltr'>»rem</span> <span class='ocrx_word' id='word_1_247' title='bbox 641 2827 761 2898; x_wconf 84' lang='lat' dir='ltr'>augere”</span> <span class='ocrx_word' id='word_1_248' title='bbox 781 2829 810 2882; x_wconf 90' lang='lat' dir='ltr'>et</span> <span class='ocrx_word' id='word_1_249' title='bbox 830 2827 969 2883; x_wconf 79' lang='lat' dir='ltr'>»hominis</span> <span class='ocrx_word' id='word_1_250' title='bbox 982 2827 1118 2898; x_wconf 81' lang='lat' dir='ltr'>nequam&#39;&#39;</span> <span class='ocrx_word' id='word_1_251' title='bbox 1131 2830 1287 2883; x_wconf 82' lang='lat' dir='ltr'>»bonatra-</span> 
     </span>
     <span class='ocr_line' id='line_1_27' title="bbox 87 2916 1354 2989; baseline 0.002 -18"><span class='ocrx_word' id='word_1_252' title='bbox 87 2918 151 2973; x_wconf 88' lang='lat' dir='ltr'>dita</span> <span class='ocrx_word' id='word_1_253' title='bbox 178 2918 364 2989; x_wconf 85' lang='lat' dir='ltr'>disperdere&#39;&#39;‚</span> <span class='ocrx_word' id='word_1_254' title='bbox 384 2917 439 2984; x_wconf 88' lang='lat' dir='ltr'>ibi,</span> <span class='ocrx_word' id='word_1_255' title='bbox 460 2917 483 2971; x_wconf 84' lang='lat' dir='ltr'>si</span> <span class='ocrx_word' id='word_1_256' title='bbox 502 2917 564 2986; x_wconf 87' lang='lat' dir='ltr'>quis</span> <span class='ocrx_word' id='word_1_257' title='bbox 583 2919 708 2987; x_wconf 88' lang='lat' dir='ltr'>tempore</span> <span class='ocrx_word' id='word_1_258' title='bbox 726 2916 905 2983; x_wconf 87' lang='lat' dir='ltr'>indicaverit,</span> <span class='ocrx_word' id='word_1_259' title='bbox 926 2918 1001 2973; x_wconf 92' lang='lat' dir='ltr'>nolle</span> <span class='ocrx_word' id='word_1_260' title='bbox 1022 2937 1050 2974; x_wconf 91' lang='lat' dir='ltr'>se</span> <span class='ocrx_word' id='word_1_261' title='bbox 1071 2920 1211 2989; x_wconf 90' lang='lat' dir='ltr'>quandam</span> <span class='ocrx_word' id='word_1_262' title='bbox 1229 2936 1289 2974; x_wconf 90' lang='lat' dir='ltr'>rem</span> <span class='ocrx_word' id='word_1_263' title='bbox 1350 2943 1354 2949; x_wconf 34' lang='grc' dir='ltr'>ι</span> 
     </span>
     <span class='ocr_line' id='line_1_28' title="bbox 85 3006 1289 3079; baseline 0.002 -18"><span class='ocrx_word' id='word_1_264' title='bbox 85 3007 125 3061; x_wconf 87' lang='lat' dir='ltr'>ad</span> <span class='ocrx_word' id='word_1_265' title='bbox 145 3025 175 3062; x_wconf 89' lang='lat' dir='ltr'>se</span> <span class='ocrx_word' id='word_1_266' title='bbox 195 3009 350 3078; x_wconf 86' lang='lat' dir='ltr'>pertinere,</span> <span class='ocrx_word' id='word_1_267' title='bbox 370 3007 413 3062; x_wconf 90' lang='lat' dir='ltr'>ius</span> <span class='ocrx_word' id='word_1_268' title='bbox 433 3025 553 3078; x_wconf 87' lang='lat' dir='ltr'>aequum</span> <span class='ocrx_word' id='word_1_269' title='bbox 573 3009 648 3073; x_wconf 89' lang='lat' dir='ltr'>erat,</span> <span class='ocrx_word' id='word_1_270' title='bbox 668 3024 732 3062; x_wconf 91' lang='lat' dir='ltr'>eum</span> <span class='ocrx_word' id='word_1_271' title='bbox 753 3006 896 3062; x_wconf 82' lang='lat' dir='ltr'>dominum</span> <span class='ocrx_word' id='word_1_272' title='bbox 916 3007 989 3076; x_wconf 91' lang='lat' dir='ltr'>fieri,</span> <span class='ocrx_word' id='word_1_273' title='bbox 1009 3011 1058 3079; x_wconf 91' lang='lat' dir='ltr'>qui</span> <span class='ocrx_word' id='word_1_274' title='bbox 1077 3027 1139 3065; x_wconf 87' lang='lat' dir='ltr'>eam</span> <span class='ocrx_word' id='word_1_275' title='bbox 1156 3027 1289 3079; x_wconf 86' lang='lat' dir='ltr'>occupas·</span> 
     </span>
     <span class='ocr_line' id='line_1_29' title="bbox 89 3097 1288 3177; baseline -0.001 -24"><span class='ocrx_word' id='word_1_276' title='bbox 89 3101 147 3164; x_wconf 88' lang='lat' dir='ltr'>set;</span> <span class='ocrx_word' id='word_1_277' title='bbox 172 3101 219 3164; x_wconf 88' lang='lat' dir='ltr'>ut,</span> <span class='ocrx_word' id='word_1_278' title='bbox 246 3099 269 3153; x_wconf 92' lang='lat' dir='ltr'>si</span> <span class='ocrx_word' id='word_1_279' title='bbox 293 3115 337 3153; x_wconf 86' lang='lat' dir='ltr'>res</span> <span class='ocrx_word' id='word_1_280' title='bbox 361 3099 403 3153; x_wconf 87' lang='lat' dir='ltr'>ita</span> <span class='ocrx_word' id='word_1_281' title='bbox 413 3097 532 3177; x_wconf 24' lang='lat' dir='ltr'>‘abiecta</span> <span class='ocrx_word' id='word_1_282' title='bbox 551 3100 639 3163; x_wconf 88' lang='lat' dir='ltr'>esset,</span> <span class='ocrx_word' id='word_1_283' title='bbox 659 3100 693 3152; x_wconf 89' lang='lat' dir='ltr'>ut</span> <span class='ocrx_word' id='word_1_284' title='bbox 713 3100 801 3152; x_wconf 81' lang='lat' dir='ltr'>statim</span> <span class='ocrx_word' id='word_1_285' title='bbox 821 3097 983 3168; x_wconf 76' lang='lat' dir='ltr'>adpareret,</span> <span class='ocrx_word' id='word_1_286' title='bbox 1002 3100 1124 3154; x_wconf 90' lang='lat' dir='ltr'>noluisse</span> <span class='ocrx_word' id='word_1_287' title='bbox 1144 3099 1288 3154; x_wconf 90' lang='lat' dir='ltr'>dominnm</span> 
     </span>
     <span class='ocr_line' id='line_1_30' title="bbox 89 3187 1291 3258; baseline 0 -16"><span class='ocrx_word' id='word_1_288' title='bbox 89 3205 154 3242; x_wconf 88' lang='lat' dir='ltr'>eam</span> <span class='ocrx_word' id='word_1_289' title='bbox 182 3188 235 3242; x_wconf 87' lang='lat' dir='ltr'>sibi</span> <span class='ocrx_word' id='word_1_290' title='bbox 261 3205 384 3254; x_wconf 86' lang='lat' dir='ltr'>servare,</span> <span class='ocrx_word' id='word_1_291' title='bbox 408 3192 496 3244; x_wconf 74' lang='lat' dir='ltr'>sicum</span> <span class='ocrx_word' id='word_1_292' title='bbox 516 3187 679 3258; x_wconf 86' lang='lat' dir='ltr'>occupantis</span> <span class='ocrx_word' id='word_1_293' title='bbox 698 3187 792 3242; x_wconf 90' lang='lat' dir='ltr'>fiebat.</span> <span class='ocrx_word' id='word_1_294' title='bbox 830 3187 896 3242; x_wconf 82' lang='lat' dir='ltr'>ideo</span> <span class='ocrx_word' id='word_1_295' title='bbox 916 3191 1011 3243; x_wconf 88' lang='lat' dir='ltr'>autem</span> <span class='ocrx_word' id='word_1_296' title='bbox 1030 3188 1083 3244; x_wconf 91' lang='lat' dir='ltr'>hoc</span> <span class='ocrx_word' id='word_1_297' title='bbox 1103 3205 1169 3242; x_wconf 89' lang='lat' dir='ltr'>casu</span> <span class='ocrx_word' id='word_1_298' title='bbox 1188 3187 1291 3254; x_wconf 85' lang='lat' dir='ltr'>etiam,</span> 
     </span>
     <span class='ocr_line' id='line_1_31' title="bbox 89 3277 1290 3349; baseline 0 -18"><span class='ocrx_word' id='word_1_299' title='bbox 89 3278 141 3347; x_wconf 86' lang='lat' dir='ltr'>qui</span> <span class='ocrx_word' id='word_1_300' title='bbox 159 3295 217 3332; x_wconf 91' lang='lat' dir='ltr'>non</span> <span class='ocrx_word' id='word_1_301' title='bbox 233 3279 288 3334; x_wconf 83' lang='lat' dir='ltr'>fuit</span> <span class='ocrx_word' id='word_1_302' title='bbox 304 3279 363 3333; x_wconf 72' lang='grc' dir='ltr'>(ιιι</span> <span class='ocrx_word' id='word_1_303' title='bbox 378 3277 521 3348; x_wconf 83' lang='lat' dir='ltr'>acquirere</span> <span class='ocrx_word' id='word_1_304' title='bbox 538 3279 648 3348; x_wconf 84' lang='lat' dir='ltr'>potuit.</span> <span class='ocrx_word' id='word_1_305' title='bbox 665 3295 728 3332; x_wconf 88' lang='lat' dir='ltr'>curn</span> <span class='ocrx_word' id='word_1_306' title='bbox 745 3277 877 3347; x_wconf 87' lang='lat' dir='ltr'>usucapio</span> <span class='ocrx_word' id='word_1_307' title='bbox 888 3281 961 3332; x_wconf 87' lang='lat' dir='ltr'>esset</span> <span class='ocrx_word' id='word_1_308' title='bbox 971 3277 1030 3332; x_wconf 80' lang='lat' dir='ltr'>aius</span> <span class='ocrx_word' id='word_1_309' title='bbox 1040 3279 1183 3349; x_wconf 87' lang='lat' dir='ltr'>proprium</span> <span class='ocrx_word' id='word_1_310' title='bbox 1194 3297 1217 3332; x_wconf 91' lang='lat' dir='ltr'>c.</span> <span class='ocrx_word' id='word_1_311' title='bbox 1228 3277 1290 3342; x_wconf 83' lang='lat' dir='ltr'>R.&#39;&#39;‚</span> 
     </span>
     <span class='ocr_line' id='line_1_32' title="bbox 88 3367 1293 3440; baseline 0 -18"><span class='ocrx_word' id='word_1_312' title='bbox 88 3368 167 3436; x_wconf 89' lang='lat' dir='ltr'>quod</span> <span class='ocrx_word' id='word_1_313' title='bbox 193 3368 246 3424; x_wconf 92' lang='lat' dir='ltr'>hoc</span> <span class='ocrx_word' id='word_1_314' title='bbox 270 3368 471 3438; x_wconf 80' lang='lat' dir='ltr'>»proderelicto</span> <span class='ocrx_word' id='word_1_315' title='bbox 497 3369 573 3423; x_wconf 68' lang='lat' dir='ltr'>esse*</span> <span class='ocrx_word' id='word_1_316' title='bbox 598 3387 629 3423; x_wconf 81' lang='grc' dir='ltr'>ιιι</span> <span class='ocrx_word' id='word_1_317' title='bbox 653 3369 736 3423; x_wconf 87' lang='lat' dir='ltr'>rebus</span> <span class='ocrx_word' id='word_1_318' title='bbox 763 3367 860 3438; x_wconf 86' lang='lat' dir='ltr'>utique</span> <span class='ocrx_word' id='word_1_319' title='bbox 889 3367 1052 3434; x_wconf 84' lang='lat' dir='ltr'>mobilibus,</span> <span class='ocrx_word' id='word_1_320' title='bbox 1083 3385 1154 3438; x_wconf 88' lang='lat' dir='ltr'>quae</span> <span class='ocrx_word' id='word_1_321' title='bbox 1176 3367 1293 3440; x_wconf 81' lang='lat' dir='ltr'>minoris</span> 
     </span>
     <span class='ocr_line' id='line_1_33' title="bbox 90 3457 1290 3535; baseline 0.003 -23"><span class='ocrx_word' id='word_1_322' title='bbox 90 3459 180 3528; x_wconf 89' lang='lat' dir='ltr'>pretii</span> <span class='ocrx_word' id='word_1_323' title='bbox 199 3461 305 3535; x_wconf 84' lang='lat' dir='ltr'>essent,</span> <span class='ocrx_word' id='word_1_324' title='bbox 326 3458 450 3513; x_wconf 87' lang='lat' dir='ltr'>accidere</span> <span class='ocrx_word' id='word_1_325' title='bbox 471 3458 581 3515; x_wconf 86' lang='lat' dir='ltr'>soleret.</span> <span class='ocrx_word' id='word_1_326' title='bbox 619 3459 661 3513; x_wconf 85' lang='lat' dir='ltr'>Ex</span> <span class='ocrx_word' id='word_1_327' title='bbox 682 3457 833 3513; x_wconf 86' lang='lat' dir='ltr'>sanctitate</span> <span class='ocrx_word' id='word_1_328' title='bbox 853 3461 948 3513; x_wconf 85' lang='lat' dir='ltr'>autern</span> <span class='ocrx_word' id='word_1_329' title='bbox 969 3458 1086 3514; x_wconf 91' lang='lat' dir='ltr'>dominii</span> <span class='ocrx_word' id='word_1_330' title='bbox 1106 3477 1169 3514; x_wconf 91' lang='lat' dir='ltr'>oum</span> <span class='ocrx_word' id='word_1_331' title='bbox 1189 3459 1213 3513; x_wconf 90' lang='lat' dir='ltr'>is</span> <span class='ocrx_word' id='word_1_332' title='bbox 1232 3476 1290 3515; x_wconf 87' lang='lat' dir='ltr'>rno-</span> 
     </span>
     <span class='ocr_line' id='line_1_34' title="bbox 94 3547 1292 3619; baseline 0.001 -18"><span class='ocrx_word' id='word_1_333' title='bbox 94 3547 147 3601; x_wconf 91' lang='lat' dir='ltr'>dus</span> <span class='ocrx_word' id='word_1_334' title='bbox 165 3547 326 3619; x_wconf 87' lang='lat' dir='ltr'>acquirendi</span> <span class='ocrx_word' id='word_1_335' title='bbox 340 3551 424 3604; x_wconf 88' lang='lat' dir='ltr'>natus</span> <span class='ocrx_word' id='word_1_336' title='bbox 439 3551 524 3615; x_wconf 90' lang='lat' dir='ltr'>esset,</span> <span class='ocrx_word' id='word_1_337' title='bbox 541 3565 575 3603; x_wconf 93' lang='lat' dir='ltr'>ne</span> <span class='ocrx_word' id='word_1_338' title='bbox 595 3549 625 3603; x_wconf 88' lang='lat' dir='ltr'>in</span> <span class='ocrx_word' id='word_1_339' title='bbox 644 3548 704 3603; x_wconf 89' lang='lat' dir='ltr'>eius</span> <span class='ocrx_word' id='word_1_340' title='bbox 723 3547 873 3618; x_wconf 89' lang='lat' dir='ltr'>perniciem</span> <span class='ocrx_word' id='word_1_341' title='bbox 894 3551 1115 3616; x_wconf 85' lang='lat' dir='ltr'>converteretur,¹</span> <span class='ocrx_word' id='word_1_342' title='bbox 1125 3548 1292 3619; x_wconf 86' lang='lat' dir='ltr'>prohibebat</span> 
     </span>
     <span class='ocr_line' id='line_1_35' title="bbox 91 3637 1297 3720; baseline 0.002 -30"><span class='ocrx_word' id='word_1_343' title='bbox 91 3637 140 3691; x_wconf 87' lang='lat' dir='ltr'>lex</span> <span class='ocrx_word' id='word_1_344' title='bbox 169 3655 246 3692; x_wconf 91' lang='lat' dir='ltr'>usuc.</span> <span class='ocrx_word' id='word_1_345' title='bbox 274 3655 369 3692; x_wconf 92' lang='lat' dir='ltr'>earum</span> <span class='ocrx_word' id='word_1_346' title='bbox 398 3655 505 3705; x_wconf 86' lang='lat' dir='ltr'>rerum,</span> <span class='ocrx_word' id='word_1_347' title='bbox 533 3655 604 3708; x_wconf 88' lang='lat' dir='ltr'>quae</span> <span class='ocrx_word' id='word_1_348' title='bbox 630 3640 681 3693; x_wconf 90' lang='lat' dir='ltr'>aut</span> <span class='ocrx_word' id='word_1_349' title='bbox 705 3637 734 3692; x_wconf 88' lang='grc' dir='ltr'>ιι</span> <span class='ocrx_word' id='word_1_350' title='bbox 759 3654 915 3706; x_wconf 88' lang='lat' dir='ltr'>possessas,</span> <span class='ocrx_word' id='word_1_351' title='bbox 940 3642 990 3695; x_wconf 89' lang='lat' dir='ltr'>aut</span> <span class='ocrx_word' id='word_1_352' title='bbox 1013 3639 1088 3694; x_wconf 86' lang='lat' dir='ltr'>furto</span> <span class='ocrx_word' id='word_1_353' title='bbox 1114 3641 1225 3720; x_wconf 85' lang='lat' dir='ltr'>ereptae</span> <span class='ocrx_word' id='word_1_354' title='bbox 1245 3641 1297 3693; x_wconf 89' lang='lat' dir='ltr'>aut</span> 
     </span>
     <span class='ocr_line' id='line_1_36' title="bbox 93 3726 1294 3800; baseline 0.002 -20"><span class='ocrx_word' id='word_1_355' title='bbox 93 3726 194 3782; x_wconf 83' lang='lat' dir='ltr'>fraude</span> <span class='ocrx_word' id='word_1_356' title='bbox 231 3728 378 3798; x_wconf 80' lang='lat' dir='ltr'>subreptae</span> <span class='ocrx_word' id='word_1_357' title='bbox 405 3731 505 3783; x_wconf 84' lang='lat' dir='ltr'>essent.</span> <span class='ocrx_word' id='word_1_358' title='bbox 544 3730 590 3782; x_wconf 84' lang='lat' dir='ltr'>Ea</span> <span class='ocrx_word' id='word_1_359' title='bbox 613 3747 721 3798; x_wconf 83' lang='lat' dir='ltr'>usucap.</span> <span class='ocrx_word' id='word_1_360' title='bbox 747 3730 828 3798; x_wconf 69' lang='lat' dir='ltr'>ipius</span> <span class='ocrx_word' id='word_1_361' title='bbox 846 3731 994 3800; x_wconf 76' lang='lat' dir='ltr'>¹interdurn,</span> <span class='ocrx_word' id='word_1_362' title='bbox 1021 3733 1049 3784; x_wconf 89' lang='lat' dir='ltr'>iu</span> <span class='ocrx_word' id='word_1_363' title='bbox 1078 3731 1203 3798; x_wconf 84' lang='lat' dir='ltr'>sonorem</span> <span class='ocrx_word' id='word_1_364' title='bbox 1231 3730 1294 3783; x_wconf 82' lang='lat' dir='ltr'>cerii</span> 
     </span>
     <span class='ocr_line' id='line_1_37' title="bbox 94 3816 1291 3888; baseline 0.003 -19"><span class='ocrx_word' id='word_1_365' title='bbox 94 3819 219 3884; x_wconf 85' lang='lat' dir='ltr'>dominii,</span> <span class='ocrx_word' id='word_1_366' title='bbox 240 3836 374 3884; x_wconf 81' lang='lat' dir='ltr'>concessa,</span> <span class='ocrx_word' id='word_1_367' title='bbox 393 3817 543 3873; x_wconf 86' lang='lat' dir='ltr'>verisimile</span> <span class='ocrx_word' id='word_1_368' title='bbox 563 3820 621 3883; x_wconf 88' lang='lat' dir='ltr'>est,</span> <span class='ocrx_word' id='word_1_369' title='bbox 640 3816 840 3886; x_wconf 87' lang='lat' dir='ltr'>possessionem</span> <span class='ocrx_word' id='word_1_370' title='bbox 857 3818 1006 3888; x_wconf 85' lang='lat' dir='ltr'>paullatim</span> <span class='ocrx_word' id='word_1_371' title='bbox 1027 3820 1085 3876; x_wconf 88' lang='lat' dir='ltr'>vim</span> <span class='ocrx_word' id='word_1_372' title='bbox 1101 3836 1163 3874; x_wconf 89' lang='lat' dir='ltr'>eam</span> <span class='ocrx_word' id='word_1_373' title='bbox 1179 3820 1291 3873; x_wconf 72' lang='lat' dir='ltr'>nactam]</span> 
     </span>
     <span class='ocr_line' id='line_1_38' title="bbox 97 3905 1292 3978; baseline 0.003 -19"><span class='ocrx_word' id='word_1_374' title='bbox 97 3922 174 3972; x_wconf 87' lang='lat' dir='ltr'>esse,</span> <span class='ocrx_word' id='word_1_375' title='bbox 204 3925 288 3976; x_wconf 91' lang='lat' dir='ltr'>quam</span> <span class='ocrx_word' id='word_1_376' title='bbox 313 3907 454 3974; x_wconf 58' lang='lat' dir='ltr'>novimum</span> <span class='ocrx_word' id='word_1_377' title='bbox 482 3923 569 3976; x_wconf 84' lang='lat' dir='ltr'>eoque</span> <span class='ocrx_word' id='word_1_378' title='bbox 596 3905 717 3973; x_wconf 88' lang='lat' dir='ltr'>facilius,</span> <span class='ocrx_word' id='word_1_379' title='bbox 743 3922 798 3976; x_wconf 92' lang='lat' dir='ltr'>quo</span> <span class='ocrx_word' id='word_1_380' title='bbox 825 3907 889 3978; x_wconf 87' lang='lat' dir='ltr'>plus</span> <span class='ocrx_word' id='word_1_381' title='bbox 916 3909 1085 3966; x_wconf 87' lang='lat' dir='ltr'>decresceret</span> <span class='ocrx_word' id='word_1_382' title='bbox 1110 3911 1220 3964; x_wconf 84' lang='lat' dir='ltr'>dominii</span> <span class='ocrx_word' id='word_1_383' title='bbox 1241 3907 1292 3963; x_wconf 85' lang='lat' dir='ltr'>vis.</span> 
     </span>
     <span class='ocr_line' id='line_1_39' title="bbox 93 3996 1312 4072; baseline 0.002 -22"><span class='ocrx_word' id='word_1_384' title='bbox 93 3996 132 4050; x_wconf 84' lang='lat' dir='ltr'>Et</span> <span class='ocrx_word' id='word_1_385' title='bbox 156 3997 196 4051; x_wconf 86' lang='lat' dir='ltr'>sic</span> <span class='ocrx_word' id='word_1_386' title='bbox 222 3997 328 4052; x_wconf 86' lang='lat' dir='ltr'>factum</span> <span class='ocrx_word' id='word_1_387' title='bbox 351 4001 409 4064; x_wconf 88' lang='lat' dir='ltr'>est,</span> <span class='ocrx_word' id='word_1_388' title='bbox 429 4000 462 4053; x_wconf 87' lang='lat' dir='ltr'>ut</span> <span class='ocrx_word' id='word_1_389' title='bbox 480 3997 557 4068; x_wconf 87' lang='lat' dir='ltr'>apud</span> <span class='ocrx_word' id='word_1_390' title='bbox 576 4014 626 4052; x_wconf 88' lang='lat' dir='ltr'>nos</span> <span class='ocrx_word' id='word_1_391' title='bbox 645 3996 674 4050; x_wconf 90' lang='lat' dir='ltr'>in</span> <span class='ocrx_word' id='word_1_392' title='bbox 693 3999 769 4052; x_wconf 82' lang='lat' dir='ltr'>rebus</span> <span class='ocrx_word' id='word_1_393' title='bbox 787 4000 922 4054; x_wconf 81' lang='lat' dir='ltr'>mobilebus</span> <span class='ocrx_word' id='word_1_394' title='bbox 939 4002 1065 4072; x_wconf 86' lang='lat' dir='ltr'>possessio</span> <span class='ocrx_word' id='word_1_395' title='bbox 1080 4018 1132 4071; x_wconf 82' lang='lat' dir='ltr'>pro</span> <span class='ocrx_word' id='word_1_396' title='bbox 1152 4001 1224 4072; x_wconf 82' lang='lat' dir='ltr'>titulo</span> <span class='ocrx_word' id='word_1_397' title='bbox 1242 4001 1291 4052; x_wconf 83' lang='lat' dir='ltr'>tc·</span> <span class='ocrx_word' id='word_1_398' title='bbox 1310 4007 1312 4012; x_wconf 88' lang='grc'><strong>’</strong></span> 
     </span>
     <span class='ocr_line' id='line_1_40' title="bbox 93 4075 1287 4161; baseline 0.001 -22"><span class='ocrx_word' id='word_1_399' title='bbox 93 4087 210 4153; x_wconf 71' lang='lat' dir='ltr'>tuetur,</span> <span class='ocrx_word' id='word_1_400' title='bbox 236 4105 299 4142; x_wconf 89' lang='lat' dir='ltr'>cum</span> <span class='ocrx_word' id='word_1_401' title='bbox 325 4087 401 4159; x_wconf 89' lang='lat' dir='ltr'>apud</span> <span class='ocrx_word' id='word_1_402' title='bbox 424 4075 505 4142; x_wconf 86' lang='lat' dir='ltr'>Rom.</span> <span class='ocrx_word' id='word_1_403' title='bbox 529 4086 677 4142; x_wconf 89' lang='lat' dir='ltr'>earundem</span> <span class='ocrx_word' id='word_1_404' title='bbox 702 4103 796 4141; x_wconf 86' lang='lat' dir='ltr'>rerum</span> <span class='ocrx_word' id='word_1_405' title='bbox 813 4087 861 4144; x_wconf 85' lang='lat' dir='ltr'>vix</span> <span class='ocrx_word' id='word_1_406' title='bbox 878 4090 937 4146; x_wconf 91' lang='lat' dir='ltr'>ulla</span> <span class='ocrx_word' id='word_1_407' title='bbox 956 4089 1088 4161; x_wconf 90' lang='lat' dir='ltr'>usucapio</span> <span class='ocrx_word' id='word_1_408' title='bbox 1108 4105 1166 4144; x_wconf 86' lang='lat' dir='ltr'>esse</span> <span class='ocrx_word' id='word_1_409' title='bbox 1185 4088 1287 4158; x_wconf 87' lang='lat' dir='ltr'>posset.</span> 
     </span>
    </p>
   </div>
   <div class='ocr_carea' id='block_1_7' title="bbox 0 0 1506 4596">
    <p class='ocr_par' dir='ltr' id='par_1_9' title="bbox 0 0 1506 4596">
     <span class='ocr_line' id='line_1_41' title="bbox 0 0 1506 4596; baseline 0 0"><span class='ocrx_word' id='word_1_410' title='bbox 0 0 1506 4596; x_wconf 95' lang='lat' dir='ltr'> </span> 
     </span>
    </p>
   </div>
  </div>
 </body>
</html>
