2894 4616
282 1805 364 1876 Sunt
393 1813 554 1894 praeterea
583 1808 738 1895 quaedam
769 1811 921 1885 ectionee,
948 1809 1065 1894 quibus
1086 1828 1148 1874 non
1171 1809 1308 1878 solidum
1327 1810 1401 1894 quode

236 1914 370 1984 debetur
404 1917 494 1982 nobie
529 1918 764 2002 persequimur,
796 1914 850 1982 ced
880 1915 977 1982 modo
1008 1915 1148 1982 solidum
1182 1919 1407 2010 cuneoquinm¹

236 2020 332 2088 modo
366 2023 482 2088 minuc.
529 2025 567 2084 nt
599 2041 670 2088 ecce
704 2023 732 2086 ei
766 2024 800 2086 in
833 2020 997 2106 peculium
1027 2019 1087 2086 fini
1116 2025 1243 2090 cervive
1274 2040 1407 2110 agamur:⁴

235 2145 311 2193 nam
342 2127 369 2192 ei
399 2147 461 2193 non
488 2128 595 2192 minue
617 2129 653 2192 in
675 2126 800 2212 peculio
823 2130 882 2204 ait,
907 2147 1004 2213 quam
1028 2131 1268 2214 persequimur,
1292 2132 1321 2193 in
1340 2128 1386 2193 coli·

236 2230 314 2316 dum
342 2236 433 2318 peter
461 2232 649 2300 deminuere
671 2232 916 2300 condemnatur:
941 2236 969 2298 ei
993 2253 1066 2300 vero
1089 2237 1198 2302 minue
1222 2237 1385 2314 inveniam,

102 2325 104 2330 ’
236 2341 365 2409 eatenus
399 2339 587 2406 condemnat
620 2339 733 2414 iudex,
768 2350 923 2425 quatenus
955 2343 991 2406 in
1021 2340 1146 2425 peculio
1174 2344 1229 2420 eit.
1276 2341 1386 2428 quenad-

234 2444 367 2514 modum
399 2450 508 2516 cutem
538 2444 703 2532 peculium
730 2444 877 2534 intellegi
901 2447 1033 2533 debeat,
1057 2469 1115 2517 cuo
1139 2448 1252 2539 ordine
1273 2466 1386 2534 propone

234 2569 318 2616 mue.
364 2550 448 2620 Item
481 2554 510 2618 ci
544 2550 583 2618 de
616 2551 692 2646 eote
724 2550 844 2624 iudicio
877 2551 995 2620 mulier
1025 2559 1119 2640 agat,
1150 2553 1259 2640 placet
1292 2559 1403 2623 uterus

233 2658 389 2734 maritum
424 2657 627 2730 munemnari
661 2657 790 2739 debere,
827 2663 987 2743 quaterue,
1015 2659 1121 2740 fecere
1151 2663 1270 2756 poeti&
1302 2659 1387 2730 iicet

234 2765 390 2844 qnatenus
421 2762 589 2830 facultates
620 2764 689 2828 eiue
719 2764 896 2849 patiuntur.
941 2766 1050 2849 ithue
1080 2766 1108 2829 ei
1139 2766 1224 2831 dotie
1253 2765 1408 2851 quantine}

233 2872 419 2934 concurrant
447 2869 615 2937 facultates
642 2873 727 2949 eius,
752 2872 787 2934 in
810 2869 950 2938 solidum
973 2869 1161 2936 damnatur:
1187 2875 1217 2937 ei
1240 2876 1352 2948 minus,
1368 2872 1387 2932 in

233 2976 361 3040 tantum
385 2981 541 3060 quantum
563 2978 664 3044 fecere
683 2981 798 3068 potest.
846 2981 974 3062 propter
992 2980 1204 3043 retentionem
1225 2998 1338 3064 quoque
1355 2975 1387 3038 do

232 3081 274 3144 tie
302 3083 451 3164 repetitio
481 3085 656 3156 minuitur:
689 3101 765 3151 nem
796 3082 835 3148 ob
865 3084 1025 3167 impensae
1047 3085 1081 3150 in
1105 3105 1154 3152 ree
1178 3085 1301 3152 dotales
1321 3085 1388 3148 fcto

231 3187 349 3250 marito
379 3190 515 3254 retentio
545 3209 690 3255 concessa
720 3194 785 3271 eet,
816 3189 892 3271 quia
922 3190 991 3272 ipso
1022 3191 1092 3256 inre
1122 3193 1306 3258 necessariis
1330 3208 1385 3252 eun·

232 3289 343 3375 ptibua
365 3290 421 3357 doc
442 3296 615 3372 minuitur,
637 3297 721 3358 sicut
740 3314 777 3358 cx
796 3290 965 3358 latioribus
981 3294 1178 3382 digestorum
1199 3296 1292 3361 libris
1308 3312 1386 3380 cogno

233 3417 319 3463 scere
349 3395 453 3463 liceat.
502 3397 565 3466 Sed
596 3405 628 3465 et
659 3401 687 3464 ai
709 3402 781 3484 quie
804 3419 878 3484 cum
901 3399 1029 3484 parente
1052 3421 1109 3467 cuo
1131 3405 1404 3488 percunctante

231 3503 312 3568 item
336 3506 364 3569 ai
386 3505 490 3570 socius
513 3527 587 3571 cum
611 3507 693 3571 socio
717 3503 838 3598 iudicio
862 3507 1023 3578 societatis
1046 3512 1138 3596 aget,
1162 3529 1227 3574 non
1245 3509 1314 3594 plue
1330 3513 1386 3572 cetu

231 3611 454 3695 consequitur,
486 3631 583 3697 quam
616 3611 814 3678 adversarius
843 3613 912 3676 ciue
943 3611 1044 3678 iacere
1074 3618 1189 3707 potest.
1238 3614 1320 3682 idem
1344 3613 1383 3680 ct

232 3725 260 3788 ei
279 3725 350 3808 quie
371 3744 410 3789 ex
429 3723 596 3790 donatione
608 3724 894 3792 auaconveniatur.
943 3714 1266 3813 Compensationes
1279 3733 1404 3817 quoquot

231 3828 409 3926 oppositae
441 3828 649 3926 plerumque
682 3827 857 3915 efficiunt,
888 3839 927 3900 ut
959 3830 1075 3900 minna
1108 3832 1261 3930 quisque
1285 3851 1386 3902 conse·

231 3951 377 4043 quatur,
409 3967 515 4039 quem
549 3943 581 4013 ei
615 3941 805 4038 debeeurr:
841 3968 991 4042 namque
1024 3969 1066 4014 cx
1100 3941 1195 4015 bone
1229 3955 1265 4016 et
1288 3963 1383 4040 aequor

1371 4285 1408 4558 i
