2890 4616
498 39 817 125 musac
1183 45 1248 114 mr

9 227 46 308 2)
108 228 146 294 In
179 247 346 314 personam
380 231 463 295 aetio
498 235 560 308 est,
594 251 657 316 qua
687 232 818 318 agimus
837 233 843 320 Ι
863 236 1009 320 quotiens
1041 255 1115 300 oum
1138 235 1282 322 aliquos

62 335 293 422 [conmotam]
307 329 345 422 1),
369 338 424 421 qui
446 337 538 403 nobis
560 335 615 403 vel
636 358 675 403 ex
699 343 863 406 contractu
887 341 939 408 vel
962 361 1002 407 ex
1020 340 1136 408 delicto
1156 343 1245 430 obli-t

57 447 156 530 gatus
180 447 245 527 est,
270 441 304 508 id
328 444 395 520 est,
421 463 495 508 cum
518 444 733 520 intendimus,
756 445 846 526 dare,
867 447 969 514 facere
981 452 1143 533 praestare
1155 469 1244 535 opor·
1268 475 1281 516 ι

9 550 42 634 3)
58 548 155 642 tptr03
186 549 221 614 in
251 568 319 616 rem
351 550 434 614 actio
465 553 533 628 est,
564 571 639 614 curn
662 556 718 617 aut
741 551 935 637 corporalem
958 574 1027 619 rem
1051 554 1249 624 intendimus
1271 580 1284 622 s

56 651 211 738 nolstram
243 675 325 732 esse,
359 659 415 722 aut
445 657 496 720 ius
523 655 652 742 aliquod
683 657 775 722 nobis
798 662 991 744 competere,
1018 659 1109 726 velut
1132 662 1280 728 utendis

57 766 116 828 aut
138 753 260 844 utenldi
282 760 425 854 fruendi,
451 763 565 839 eundi,
592 762 707 850 agendi
724 784 880 849 equumve
901 765 1036 832 ducendi
1054 765 1107 834 vel
1123 758 1241 843 altius!
1267 792 1292 835 ιο

57 867 193 935 tollendi
222 868 490 956 prospiciendive:
523 871 605 934 actio
637 889 675 934 ex
705 868 828 936 diverso
852 870 1031 940 adversario
1055 875 1240 955 [contraria
1266 899 1289 942 ιι

55 976 251 1042 nihilominus
271 975 355 1042 etiam
379 981 456 1040 actio
481 981 524 1040 est
546 975 579 1040 in
602 998 681 1059 rem,
703 975 888 1066 quamquem]
902 976 928 1066 ²)
949 979 954 1062 Ι
975 982 1022 1042 est
1045 981 1206 1068 negativa.
1265 1005 1290 1048 ra

9 1088 41 1170 t)
106 1081 159 1149 Sic
191 1085 299 1172 itaque
330 1083 473 1148 discretis
503 1081 701 1167 actionibus,
726 1087 850 1148 eertum
873 1088 938 1164 est,
960 1081 966 1172 Ι
985 1105 1048 1150 non
1070 1105 1164 1170 posse·
1184 1108 1241 1153 nos
1265 1111 1289 1154 ra

55 1211 127 1256 rem
149 1194 290 1257 nostram
312 1189 352 1255 ab
376 1187 522 1286 ali[qn]o
546 1189 593 1254 ita
615 1193 740 1274 petere:
767 1187 824 1270 „Si
846 1193 936 1276 paret
960 1211 1035 1256 eum
1058 1191 1132 1258 dare
1152 1213 1239 1280 opor·
1265 1217 1289 1262 ιι

56 1305 156 1393 tere”;
187 1324 288 1392 neque
318 1303 405 1370 enim
436 1303 519 1388 quod
553 1307 697 1372 nostrum
729 1308 795 1389 est,
819 1303 910 1372 nobis
934 1303 1002 1371 dari
1025 1312 1143 1390 potest,
1169 1327 1244 1374 eum

56 1585 156 1639 rentur
169 1583 268 1649 testes,
278 1597 417 1652 quaenam
426 1579 462 1636 lis
472 1583 553 1636 esset.
565 1612 598 1622 -
610 1581 712 1636 Postea
720 1597 812 1650 uoque
821 1579 858 1636 ad
869 1579 1076 1636 Diocletianum
1085 1581 1239 1654 principem

57 1673 226 1744 disceptatio
240 1672 316 1744 apud
328 1673 498 1743 piaclorum,
514 1671 612 1727 eodem
628 1670 719 1737 modo,
729 1688 785 1740 quo
796 1689 859 1728 cum
869 1673 944 1744 leges
953 1670 1019 1726 illae
1028 1672 1104 1727 latae
1114 1672 1238 1728 nondum

57 1766 160 1830 essent,
176 1763 269 1830 fiebat,
288 1761 337 1817 sed
352 1779 386 1818 ex
401 1779 441 1828 ea,
452 1762 502 1817 ubi
511 1763 623 1832 praetor
632 1761 782 1830 intellexit,
792 1762 944 1831 quidinter
953 1760 1085 1831 pertesin
1095 1761 1146 1818 h'te
1156 1767 1237 1831 esset,
1297 1785 1301 1794 ·

57 1872 122 1910 eam
136 1852 228 1910 verbis
244 1851 372 1924 concepit
384 1851 495 1923 scriptis
508 1869 543 1908 ex
560 1852 681 1908 formula
699 1853 863 1924 (exemplo),
879 1869 964 1922 quam
979 1851 1078 1924 (quod)
1089 1851 1197 1910 variam
1206 1855 1240 1909 de

55 1943 142 2000 variis
151 1944 242 2012 rebus,
252 1959 324 2014 quae
334 1944 456 2000 solerent
464 1959 523 1998 esse
533 1959 633 2000 cauma
642 1943 745 2011 litium,
754 1943 785 1998 in
795 1943 886 2000 edicto
896 1941 1048 2010 habuitut
1057 1941 1142 1998 iudex
1151 1942 1180 1998 in
1191 1961 1238 2000 eas

59 2053 104 2091 res
119 2034 284 2106 inquireret,
301 2033 336 2089 de
352 2034 454 2104 quibus
469 2034 543 2090 inter
558 2037 653 2105 partes
668 2051 724 2090 non
741 2037 890 2091 constaret.
910 2035 988 2090 Tunc
999 2033 1113 2104 quidem
1120 2035 1240 2102 formotc

56 2127 253 2182 accommodata
268 2127 305 2180 ad
321 2124 391 2180 litem
404 2135 565 2196 praesentem
584 2127 683 2195 coepta
698 2129 741 2180 est
757 2128 825 2180 aedo
840 2124 942 2182 vocari.
962 2123 1044 2180 Aetio
1058 2124 1087 2178 in
1097 2140 1156 2180 rem
1167 2124 1239 2190 (scil.

57 2216 171 2287 scripta)
181 2218 224 2272 eet
232 2214 319 2287 igitur
329 2215 457 2281 formula,
467 2233 523 2285 qua
532 2215 562 2270 in
572 2215 707 2270 iudicium
719 2215 866 2271 deducitur
876 2247 909 2256 -
920 2213 1007 2270 iudici
1016 2213 1192 2284 permittitur
1204 2245 1236 2255 —

56 2304 214 2376 disquisitio
234 2305 268 2360 de
287 2304 409 2362 dominio
429 2305 484 2371 rei,
503 2307 549 2361 vel
567 2305 649 2373 iuris,
671 2305 705 2360 de
723 2322 778 2375 quo
796 2305 870 2360 inter
889 2305 958 2360 duas
976 2321 1108 2376 personas
1124 2305 1239 2359 eonten-

57 2396 192 2462 debatur;
218 2395 292 2451 aetio
315 2395 345 2449 in
374 2412 520 2466 personam
546 2395 614 2457 (scil.
634 2397 750 2470 scripte)
770 2412 826 2464 qua
844 2394 929 2450 iudex
947 2394 1061 2449 iubetur
1081 2393 1237 2464 explorare,

53 2489 152 2542 ntrnm
176 2485 248 2542 alter
271 2485 446 2557 litigantium
471 2486 553 2541 alteri
579 2485 719 2556 obligatus
745 2488 817 2541 esset
842 2503 937 2540 necne.
975 2485 1105 2551 Praetor,
1132 2471 1239 2554 sipost

56 2578 290 2648 disceptationem
319 2576 395 2648 apud
418 2593 447 2632 se
473 2576 593 2643 factam,
619 2577 675 2631 iam
700 2593 756 2632 non
782 2577 899 2632 haberet
924 2593 1035 2632 necesse
1061 2578 1094 2631 ut
1118 2574 1239 2646 amplius

54 2669 140 2723 iudex
170 2669 332 2737 quaereret,
366 2669 425 2738 ipse
454 2669 534 2722 extra
562 2666 688 2724 ordinem
716 2667 785 2728 (scil.
813 2666 950 2732 iudicum)
979 2665 1023 2722 ius
1052 2665 1172 2720 dicebat.
1201 2695 1235 2706 -

54 2760 191 2829 Tempore
220 2754 390 2815 Diocletiani
411 2757 486 2814 idem
512 2757 705 2829 magistratus,
730 2775 799 2827 quos
825 2757 922 2812 statim
948 2755 1066 2812 adibant
1093 2755 1239 2828 litigantes

57 2851 89 2904 de
116 2859 169 2903 tcta
192 2867 221 2904 re
241 2851 434 2920 copmscetaot.
468 2847 537 2904 Inde
555 2846 724 2903 videbantur
742 2847 836 2902 omnia
854 2846 958 2902 iudicia
976 2847 1052 2903 iacta
1071 2863 1130 2902 esse
1147 2848 1238 2901 extra-

55 2939 209 3005 ordinaria,
236 2939 278 2994 ita
306 2941 339 2993 ut
367 2941 492 2992 iudicium
521 2940 550 2992 et
581 2940 648 2992 actio
674 2937 731 2992 iam
757 2937 832 2993 idem
856 2938 950 2994 valere
975 2936 1140 3006 coepissent.
1179 2936 1238 3002 Quo

54 3031 164 3085 factum
193 3031 250 3096 est,
280 3032 312 3085 ut.
338 3047 447 3094 summu
472 3027 597 3084 confusio
623 3030 796 3095 nasceretur,
823 3044 979 3098 eum1quae
998 3029 1106 3082 veteres
1127 3025 1237 3092 (Gaius,

55 3118 194 3190 Ulpianus
230 3119 275 3176 vel
308 3119 395 3175 etiam
430 3119 596 3175 vetustiores
630 3118 835 3185 iurisconsulti,
871 3121 902 3174 de
934 3117 1058 3186 formulis
1093 3121 1137 3180 (ex
1175 3117 1239 3172 albo

55 3210 205 3280 descriptis
233 3211 274 3278 et)
301 3211 502 3265 accommodatis
531 3211 568 3263 ad
590 3209 648 3264 lites
669 3219 819 3280 praecemur
846 3239 879 3248 -
911 3207 945 3262 de
974 3207 1132 3264 actionibus
1151 3207 1238 3279 igitur

55 3331 89 3340 -
127 3299 277 3367 ffimssent,
306 3299 544 3370 intellegebantur
571 3299 650 3368 quasi
671 3299 747 3356 diota
775 3301 869 3356 essent
896 3300 928 3354 de
960 3299 1073 3354 iudiciis.
1105 3329 1138 3340 -
1170 3298 1262 3352 Cae-¹

52 3393 148 3448 terum
177 3389 376 3460 antiquissimis
405 3389 462 3444 illis
494 3389 667 3459 temporibus
700 3407 831 3446 concessa
860 3391 1001 3459 potestate
1029 3389 1091 3460 lege
1120 3387 1236 3460 agendi,

53 3483 88 3536 ut
116 3483 230 3551 postea,
258 3480 364 3535 tradita
393 3479 502 3534 actione
529 3479 660 3540 (formula
687 3479 733 3535 liti
761 3477 903 3550 praesenti
928 3477 1148 3545 accommodata)
1175 3493 1237 3546 pos·

54 3571 176 3637 tulanti,
205 3574 316 3641 praetor
341 3570 455 3625 dederat
484 3569 545 3622 »ius
576 3569 759 3638 persequendi
786 3569 816 3622 in
844 3568 946 3624 iudicio
975 3568 1050 3637 quod
1076 3564 1129 3620 sibi
1155 3565 1236 3620 debe-

54 3661 151 3717 retur''
186 3662 219 3716 ut
251 3664 294 3716 est
326 3662 401 3732 apud
437 3661 565 3724 Celsum,
594 3661 621 3721 (t.
651 3659 695 3714 51.
726 3659 759 3713 D.
790 3658 824 3714 de
845 3659 876 3712 0.
904 3660 934 3713 et
964 3657 1009 3722 Α.)
1040 3658 1069 3711 et
1097 3656 1150 3710 hoo
1180 3657 1235 3720 est,

54 3751 133 3822 quod
157 3753 251 3807 noster
276 3751 342 3814 libri
366 3753 388 3806 Ι,
413 3755 429 3822 ς
450 3753 475 3806 8.
502 3750 607 3806 »Omne
632 3751 727 3805 autem
754 3749 815 3804 ius”
840 3748 895 3816 ait,
923 3746 1237 3818 »pertinetfflmaut

54 3843 92 3898 ad
112 3841 264 3898 actionee''.
287 3874 318 3884 -

94 3934 125 4008 l)
144 3931 256 3987 Addidi.

99 4025 126 4085 2)
145 4023 186 4078 Ea
205 4040 314 4093 quoque
332 4023 418 4080 verba
437 4022 557 4086 (collatis
576 4022 645 4077 Iust.
665 4021 745 4083 Inst.)
763 4019 867 4074 addidi.
887 4018 929 4074 Of.
948 4018 1052 4073 Mnem.
1072 4016 1092 4070 1.
1112 4033 1133 4071 s.
1154 4015 1173 4068 1.
