2890 4616
213 17 279 86 350
575 33 658 82 1101.
684 15 737 95 IV,
762 35 805 93 rr,
829 16 872 101 §t
890 15 1032 84 lau-24.

211 214 320 278 autem
349 209 503 276 bonorum
532 210 696 292 raptorum
726 205 810 272 actio
840 207 945 273 mixta
973 209 1048 290 001,
1067 205 1151 292 quia-
1165 207 1199 271 in
1219 203 1375 291 quadruplo

209 319 257 383 rai
285 316 461 402 persecutio
488 317 684 391 continetur,
708 333 808 399 poena
831 317 942 380 autam
962 310 1053 398 tripli
1075 317 1133 378 est.
1181 312 1239 378 sed
1262 314 1295 377 01
1315 311 1378 399 legis

210 422 358 509 Aquiliae
385 423 467 487 actio
490 422 529 488 de
552 422 668 487 damno
691 422 794 486 mixte
817 425 881 504 est,
905 439 968 486 non
990 418 1096 485 solum
1121 420 1149 484 si
1172 419 1377 486 0110101011-

211 527 368 594 fitiantem
398 530 432 594 in
463 526 599 613 duplum
627 530 760 616 agatur,
791 526 847 594 sed
873 526 1036 592 interdum
1066 531 1098 591 et
1127 527 1156 590 si
1188 527 1223 590 in
1249 522 1381 610 simplum

211 637 344 724 quisque
379 635 459 721 agit.
507 633 610 702 veluti
643 635 672 697 si
706 634 778 719 quis
808 633 972 702 bominem
1002 632 1154 699 claudum
1188 635 1248 696 aut
1279 626 1384 696 luscum

214 739 381 814 occiderit,
414 741 470 826 qui
491 741 526 806 in
549 760 586 806 eo
609 760 690 806 anno
713 741 838 828 integer
860 745 893 805 et
915 742 1029 828 magni
1050 740 1147 825 pretii
1171 739 1291 804 fuerit:
1323 739 1384 803 tanti
1425 789 1426 794 1

216 848 300 910 enim
325 846 511 924 damnatur,
535 847 647 932 quanti
669 847 698 912 is
719 846 816 913 homo
839 848 873 912 in
896 867 933 912 eo
957 866 1038 912 anno
1060 845 1196 932 plurimi
1218 845 1333 926 fuerit,
1351 863 1384 907 se·
1425 835 1426 838 '

215 952 354 1018 cundum
378 954 444 1018 iam
466 952 618 1018 traditam
641 951 843 1018 divisionem.
890 954 970 1018 item
993 955 1096 1018 mixta
1119 955 1166 1016 est
1190 951 1277 1016 actio
1301 954 1385 1014 contre
1425 979 1426 986 1

180 1149 181 1152 Ἴ
216 1077 285 1136 000,
310 1059 365 1144 qui
389 1057 500 1124 relicta
523 1059 727 1126 saerosanctis
751 1057 893 1125 ecclesiis
911 1057 965 1126 101
983 1053 1315 1134 11110101010111111110
1330 1055 1386 1120 locis

216 1163 316 1251 legati
339 1164 392 1232 101
415 1163 651 1230 fideicommissi
673 1165 800 1230 nomine
825 1164 898 1230 dare
922 1163 1103 1230 distulerint
1124 1184 1226 1249 usque
1252 1161 1343 1238 adeo,
1362 1169 1386 1224 ut

216 1271 316 1336 stiam
345 1273 380 1338 in
408 1270 564 1338 iudicium
595 1274 798 1341 vocarentur:
830 1275 907 1338 tunc
938 1273 1056 1338 etenim
1079 1274 1111 1336 et
1133 1271 1238 1354 ipsam
1264 1265 1387 1334 1011101

215 1378 384 1462 pecuniam
415 1397 495 1464 quae
525 1377 637 1446 relicta
667 1381 715 1444 est
744 1377 818 1444 dare
852 1377 1087 1468 compelluntur
1109 1381 1142 1442 et
1164 1375 1259 1442 aliud
1284 1379 1388 1440 tantun

216 1503 273 1568 pro
294 1504 413 1569 poena,
436 1490 469 1550 et
489 1484 562 1551 ideo
584 1487 618 1550 in
641 1482 776 1571 duplum
799 1486 869 1552 eius
892 1483 930 1550 lit
950 1482 1180 1572 condemnatio.

263 1589 426 1670 Quaedam
458 1593 597 1660 actiones
626 1594 764 1660 mixtam
788 1611 917 1659 oausam
940 1592 1081 1677 optinere
1103 1588 1260 1658 ridentur
1283 1591 1347 1654 tarn
1364 1588 1409 1650 ine

219 1717 415 1788 remquam
446 1700 480 1766 in
510 1719 689 1786 pomonam.
717 1697 819 1784 qualis
843 1702 890 1765 est
912 1697 1055 1766 familiae
1077 1695 1287 1765 erciscundae
1309 1694 1388 1774 actio,

219 1823 298 1890 qnae
330 1808 482 1892 competit
513 1806 718 1873 coheredibus
744 1805 783 1870 de
807 1805 976 1872 dividenda
999 1803 1190 1870 hereditate:
1214 1804 1302 1868 item
1324 1819 1388 1864 con-

218 1913 311 1998 muni
340 1912 531 1998 dividundo,
552 1932 641 1998 quae
671 1915 755 1992 iuter
786 1931 839 1980 eos
869 1912 1031 1996 redditur,
1062 1912 1146 1976 inter
1175 1928 1258 1994 quos
1289 1905 1388 1992 aliquid

220 2037 389 2088 commune
414 2022 478 2098 est,
503 2026 541 2086 ut
564 2020 598 2085 id
621 2019 802 2087 dividatur:
827 2019 908 2085 item
930 2016 1044 2084 finium
1066 2015 1308 2104 regundorum,
1330 2033 1388 2097 quae

220 2123 304 2188 inter
334 2143 386 2190 eos
418 2128 545 2212 agitur,
578 2127 633 2212 qui
656 2123 792 2193 confines
815 2144 908 2214 agros
931 2125 1060 2190 habent.
1108 2124 1144 2188 in
1166 2122 1288 2208 quibus
1310 2120 1389 2186 tribus

217 2229 346 2298 iudiciis
376 2235 575 2317 permittitur
602 2233 703 2298 iudici
733 2253 801 2298 rem
830 2231 926 2300 alicui
959 2253 998 2297 ex
1020 2229 1241 2318 litigatoribus
1267 2249 1307 2293 ex
1329 2227 1389 2291 bono

218 2340 248 2399 01
280 2357 379 2423 aequo
410 2338 590 2405 adiudicare
621 2344 671 2424 et,
703 2341 731 2404 si
762 2340 857 2404 unius
888 2357 961 2423 pars
992 2337 1195 2423 praegravari
1225 2333 1387 2406 videbitur,

218 2461 292 2506 eum
315 2444 455 2511 invicem
479 2451 564 2511 certa
587 2447 722 2531 pecunia
746 2443 838 2510 alteri
861 2443 1079 2509 condemnere.

264 2547 382 2615 Omnes
413 2556 521 2617 autem
556 2554 694 2617 actiones
725 2550 778 2618 vel
808 2553 843 2616 in
872 2549 1028 2636 simplum
1055 2552 1223 2633 conceptae
1259 2551 1332 2613 sunt
1351 2543 1427 2610 rell

218 2656 252 2719 in
284 2656 419 2741 duplum
449 2657 502 2725 101
532 2661 566 2724 in
589 2658 723 2744 triplum
748 2656 800 2722 101
822 2659 857 2720 in
880 2654 1113 2742 quadruplum:
1138 2653 1279 2720 ulterius
1303 2657 1388 2719 01101

219 2760 309 2826 nulla
338 2765 421 2829 actio
453 2765 644 2830 extenditur.
690 2763 727 2828 11
758 2762 913 2848 simplum
945 2765 1053 2850 agitur
1081 2759 1184 2829 veluti
1208 2781 1250 2826 ex
1274 2758 1408 2845 stipula-e

222 2869 325 2947 tione,
357 2890 396 2934 ex
425 2873 534 2935 mutui
566 2871 709 2946 datione,
741 2891 780 2935 ex
804 2873 912 2954 empto
936 2869 1082 2944 vendito,
1106 2867 1209 2934 locato
1234 2868 1387 2942 conducto,

221 2974 370 3040 mandato
403 2981 435 3042 01
464 2960 599 3062 denique
630 2997 669 3042 ex
700 2976 772 3042 aliis
801 2975 1019 3061 compluribus
1046 2976 1159 3040 causis.
1206 2973 1246 3039 ln
1270 2973 1408 3059 duplant

223 3083 350 3167 agimus
372 3081 474 3149 101111
497 3085 576 3148 furti
598 3105 656 3148 100
675 3083 856 3161 manifesti,
878 3083 987 3148 damni
1006 3083 1141 3147 iniuriae
1162 3102 1201 3147 ex
1219 3081 1295 3170 lege
1313 3078 1386 3164 Aqui·

222 3184 281 3263 lia,
317 3188 453 3272 depositi
484 3209 523 3254 er
554 3189 745 3273 quibusdam
768 3189 910 3254 casibus:
934 3191 1014 3254 item
1039 3189 1123 3254 servi
1145 3189 1306 3273 corrupti,
1328 3203 1386 3270 quae

223 3295 375 3376 compet't
402 3293 436 3357 in
464 3315 557 3372 cum,
582 3297 672 3360 cuius
694 3296 823 3360 hortatu
847 3293 1017 3361 0010111010
1041 3314 1151 3361 servus
1174 3292 1299 3375 alienus
1320 3293 1385 3378 iuge·

221 3400 264 3462 rit
296 3403 352 3464 aut
381 3405 554 3466 contumax
585 3400 735 3467 adversus
766 3401 934 3467 dominum
963 3401 1066 3468 factus
1098 3405 1146 3465 001
1169 3404 1226 3466 aut
1249 3400 1384 3465 luxuriose

222 3505 330 3572 111010
361 3508 509 3591 00010111Ι
529 3491 585 3571 aut
616 3508 749 3592 denique
781 3506 924 3593 quolibet
955 3505 1049 3572 modo
1081 3505 1383 3572 (10101101110110111

224 3649 266 3660 -
289 3615 324 3678 in
354 3632 415 3697 qua
447 3614 570 3678 actione
602 3615 699 3678 etiam
730 3634 839 3678 earum
874 3633 999 3696 rerum,
1024 3632 1101 3698 quas
1123 3598 1279 3700 fugiendo
1300 3629 1382 3678 001111

221 3717 370 3803 abstulit,
403 3720 582 3784 aestimatio
614 3718 782 3784 deducitur
803 3737 864 3782 ·-:
890 3719 971 3784 item
995 3708 1035 3784 ex
1059 3717 1185 3806 legato,
1209 3719 1381 3806 110111010-

221 3820 375 3888 rabilibus
403 3823 481 3888 locis
511 3825 662 3892 relictum
685 3830 750 3904 est,
775 3825 950 3891 secundum
973 3845 1011 3890 ea
1034 3845 1114 3911 quac
1138 3845 1235 3912 supra
1258 3826 1379 3892 diximu

223 3928 326 4014 Tripli
354 3951 444 4010 1010,
476 3953 549 3998 cum
579 3933 709 4019 quidam
733 3937 888 4000 maiorem
911 3952 1003 4002 rarae
1027 3933 1259 4016 aestimationis
1281 3929 1402 4018 quanti-a
