2922 4602
451 38 810 126 annulae-144.
1180 39 1222 104 91

11 227 41 316 8)
96 227 131 294 Si
163 230 233 315 quis
262 235 334 315 post
364 228 486 296 fartum
516 233 747 296 testamentum
778 229 977 316 adoptaverit
1002 233 1007 313 Ι
1032 230 1093 295 sibi
1117 228 1288 307 hliumas

53 341 105 402 aut
136 357 192 421 per
220 335 376 422 populum
399 357 492 412 enm,
518 338 574 420 qui
593 337 649 402 ,sui
671 338 751 402 iuris
774 340 840 414 est,
861 338 867 422 Ι
888 342 944 404 aut
966 355 1023 421 per
1046 340 1248 422 praetorems

52 463 142 520 eum,
174 444 229 527 qni
255 444 289 508 in
319 446 475 528 potestate
497 443 637 528 parentis
660 441 775 520 fuerit,
800 444 888 508 omni
908 444 913 528 Ι
934 442 1029 508 modo
1052 447 1249 510 testamen-o

52 553 123 612 turn
146 549 215 614 eius
237 550 414 634 rumpitur,
439 550 529 632 quasi
552 546 743 634 adgnatione
766 548 817 612 sui
840 545 983 628 heraldis.
1236 568 1249 612 r

11 649 39 738 9)
93 652 184 718 Idem
206 656 286 720 iuris
309 658 372 732 est,
397 654 425 718 si
449 654 501 718 oui
523 656 595 737 post
617 651 747 716 suetum·
762 657 991 720 testamentum
1013 654 1067 721 vel
1089 674 1170 720 uxor
1192 654 1227 718 in

52 755 192 846 mutuum
215 762 397 843 conveniat,
417 755 470 825 vel
500 777 580 843 quae
603 759 637 822 in
659 778 758 825 mauu
781 757 1064 842 fuapunubau
1090 781 1166 825 nam
1190 778 1251 823 eos

10 863 41 952 20)
53 863 159 944 moldo
182 863 266 932 filiae
288 864 357 930 loeo
381 884 446 929 esse
464 864 579 948 incipit
599 869 631 928 et
650 865 741 948 quasi
756 883 823 928 sua.
866 864 933 930 Neo
951 866 1080 950 prodest
1100 866 1105 950 Ι
1126 863 1259 952 [ei]ves,
1271 882 1303 928 ro

53 971 150 1049 haee,
179 973 246 1037 sive
276 969 349 1048 ille,
382 972 438 1055 qui
469 969 636 1055 adoptatus
667 974 730 1053 est,
760 971 794 1034 iu
818 989 854 1036 eo
875 974 1065 1036 testamento
1089 973 1132 1036 sit
1152 971 1157 1056 Ι
1177 972 1261 1034 iu-ir

54 1080 186 1142 stitutus
227 1078 429 1142 institutore:
471 1095 547 1140 nam
586 1073 624 1139 de
666 1073 946 1164 exheredatione1)
982 1076 1226 1173 supper-vacuum
1239 1095 1265 1140 aa

54 1183 182 1248 videtur
202 1203 363 1268 quaerere;
389 1171 473 1246 oum
487 1182 672 1246 testamenti
693 1181 829 1247 faciendi
854 1186 995 1268 tempore
1020 1203 1151 1248 suorum
1174 1183 1265 1247 hera

10 1285 168 1375 i1)redum
190 1308 322 1356 numero
347 1308 409 1354 non
429 1288 435 1374 Ι
455 1287 583 1352 fuerint.
605 1289 610 1374 Ι
630 1286 734 1353 Filius
757 1308 894 1373 quoque,
921 1291 976 1374 qui
999 1310 1038 1354 ex
1056 1291 1160 1374 prima
1180 1306 1319 1362 seruis

56 1393 198 1460 cundave
220 1383 465 1479 mancipatilone
484 1395 740 1471 manumittitur,
761 1397 836 1478 qnia
854 1397 1026 1460 revertitur
1047 1397 1229 1480 inpotesto-
1241 1412 1267 1457 ra

57 1506 121 1564 tem
143 1502 148 1586 Ι
168 1502 322 1586 patriam,
353 1501 477 1584 rumpit
508 1499 724 1564 antefactum
748 1504 995 1578 testamentum
1020 1521 1078 1566 neo
1100 1498 1265 1585 prodesto

55 1609 86 1669 in
107 1607 114 1690 Ι
136 1626 172 1670 eo
195 1610 385 1670 testamento
408 1605 499 1669 heres
520 1606 691 1669 institutus
713 1604 767 1671 vel
791 1589 999 1672 exheredatus
1024 1606 1127 1671 fuerit.
1152 1606 1157 1689 Ι
1242 1624 1267 1668 aa

10 1707 46 1791 u)
97 1709 215 1776 Simile
234 1713 286 1774 ius
306 1709 384 1775 olim
396 1709 458 1774 fuit
471 1712 505 1773 in
517 1711 746 1796 eiuspersona,
759 1713 990 1778 ouiusnomine
1010 1712 1016 1800 Ι
1036 1733 1075 1777 ex
1087 1716 1228 1781 senatus·
1240 1728 1273 1787 aa,
1288 1728 1318 1774 ao

59 1811 202 1882 consulto
234 1818 347 1881 erroris
379 1835 473 1880 causa
498 1815 665 1901 probatum
692 1817 767 1901 quia
789 1816 869 1882 forte
897 1837 935 1882 ex
957 1820 1125 1905 peregrina
1147 1814 1226 1902 vell

57 1922 174 2012 latina,
196 1941 276 2006 qnae
294 1942 350 2007 per
369 1941 505 1986 errorem
527 1923 617 2006 quasi
636 1923 716 1987 civis
734 1921 881 1988 Romana
900 1943 979 1990 uxor
991 1922 1086 1989 dueta
1098 1928 1195 2000 esset,
1218 1923 1223 2006 Ι
1243 1942 1268 1985 n

56 2034 149 2094 natus
180 2033 277 2111 esset;
310 2046 386 2093 narn
417 2029 485 2092 sive
514 2027 605 2092 heres
635 2029 804 2092 institutus
832 2035 914 2102 esset
937 2050 955 2094 a
976 2015 1132 2114 parenlte,
1159 2030 1313 2112 siveram

58 2135 280 2210 exheredatus,
307 2135 441 2198 —sive
476 2135 551 2199 vivo
586 2139 675 2218 patre
709 2154 804 2198 causa
836 2134 1002 2228 probatur,
1033 2136 1043 2234 ΙΙ
1064 2137 1137 2216 sive
1160 2138 1268 2219 postu

56 2245 193 2304 mortem
205 2241 284 2315 eius,
299 2240 442 2304 -omni
454 2237 548 2305 modo
561 2235 651 2323 quasi
663 2238 773 2328 adgnal
779 2241 871 2315 itione
882 2241 1051 2326 rumpebat
1063 2246 1233 2306 testamen·
1290 2235 1336 2302 90

11 2341 44 2427 id)
56 2352 135 2409 tum.
157 2347 164 2430 Ι
184 2341 277 2410 Nune
307 2365 382 2410 vero
414 2365 452 2410 ex
483 2364 565 2410 novo
597 2340 868 2410 senatusconsulto
897 2347 981 2431 quod
1005 2353 1131 2410 auctore
1158 2343 1257 2410 divos
1295 2327 1375 2409 3εώ)

55 2449 215 2516 Hadriano
246 2451 368 2515 fantum
398 2455 464 2528 est,
496 2453 523 2514 si
544 2452 551 2534 Ι
570 2449 698 2535 quidem
729 2453 804 2517 vivo
834 2456 924 2536 patre
947 2472 1041 2516 cansa
1063 2447 1257 2534 probatur,a

57 2576 152 2641 aeque
183 2565 221 2620 nt
252 2555 331 2622 olim
362 2556 556 2643 omnimoido
575 2558 709 2641 'rumpit
736 2559 981 2632 testamentum,
1013 2559 1041 2621 si
1064 2561 1257 2648 veropost's

57 2669 188 2728 mortem
219 2664 337 2747 patris,
370 2664 560 2747 praeteritus
589 2662 593 2750 Ι
623 2661 751 2746 quidem
782 2663 905 2747 rumpit
936 2666 1182 2734 testamentum,
1207 2661 1258 2725 sis

57 2789 129 2834 vero
151 2769 242 2834 heres
264 2771 299 2832 in
323 2785 359 2837 eo
383 2769 519 2852 scriptus
543 2772 591 2832 est
611 2769 615 2851 Ι
636 2766 690 2832 vel
709 2768 936 2852 exheredatus,
957 2782 1020 2833 non
1039 2769 1162 2853 rumpit
1174 2771 1260 2831 tes-a

59 2879 251 2958 tomentum3
276 2894 315 2938 ne
339 2873 461 2938 soilioet
485 2872 656 2960 diligenter
676 2875 681 2957 Ι
702 2874 785 2938 faeta
808 2878 1000 2940 testamenta
1023 2873 1258 2938 rescinderenr

59 2985 112 3046 tur
133 3001 168 3045 eo
189 2986 348 3065 tempora,
374 2999 436 3064 qno
457 2980 463 3064 Ι
482 2981 628 3044 renovari
651 2999 713 3044 non
737 2985 874 3064 possent.
895 2982 903 3065 Ι
1243 2999 1257 3044 e

12 3079 49 3169 u)
102 3085 279 3152 Posteriora
311 3106 435 3171 quoque
464 3085 779 3170 testamento,.quod
802 3087 871 3151 iure
894 3086 1017 3151 sactum
1041 3090 1106 3168 est,
1129 3082 1265 3168 sulpure,
1278 3103 1306 3148 so

60 3193 123 3256 rius
148 3195 325 3277 rumpitur:
341 3227 382 3240 -
396 3211 453 3256 neo
473 3193 624 3266 interest,
649 3211 688 3259 au
708 3193 851 3263 estiterit
863 3190 979 3278 aliquis
1000 3193 1005 3276 Ι
1027 3212 1065 3256 ex
1078 3190 1234 3265 sobaros,
1248 3211 1271 3254 n

62 3316 99 3359 an
117 3317 177 3362 non
193 3299 356 3381 extiterit,
377 3297 436 3364 hoo
452 3298 543 3362 enim
556 3295 661 3364 solum
674 3295 863 3388 speflotatur,
878 3318 919 3365 au
930 3301 1066 3364 existere
1077 3299 1232 3382 potuerit:
1245 3317 1271 3362 ss

62 3401 244 3488 —ideoque
266 3405 341 3488 [tom
359 3402 498 3490 qaoque}
519 3405 546 3466 si
567 3405 637 3487 quis
658 3423 697 3468 ex
716 3401 902 3488 postelriore
918 3409 1126 3480 testamento,
1149 3401 1271 3486 quodsa

61 3509 128 3571 inre
158 3509 276 3582 factum
307 3514 371 3587 est,
401 3515 458 3574 aut
479 3507 616 3574 noluerit
640 3508 731 3574 heres
755 3529 839 3588 esse,
864 3515 920 3576 aut
940 3511 945 3596 Ι
965 3513 1041 3578 vivo
1064 3514 1233 3586 testatore,
1246 3529 1273 3572 n

63 3623 116 3675 aut
138 3620 206 3696 post
229 3621 366 3679 mortem
392 3617 478 3692 eiua,
503 3619 673 3702 antequam
694 3616 699 3700 Ι
719 3615 929 3702 hereditatem
954 3614 1075 3702 adiret,
1098 3615 1235 3683 deeosse·
1248 3636 1274 3678 n

63 3719 119 3794 rit,
153 3719 210 3784 aut'
226 3742 282 3807 per
306 3723 476 3818 cretionem
488 3717 515 3802 ⁹)
539 3719 686 3785 exclusus
706 3720 847 3808 fiuent,
873 3727 928 3786 aut
952 3722 1151 3800 condicione,
1176 3720 1275 3786 subis

57 3844 230 3860 ......—-

93 3900 122 3969 1)
141 3899 224 3973 (nus)
241 3902 270 3957 o.
282 3878 299 3948 ’,

94 3990 119 4059 *)
140 4007 222 4062 »uasa
236 3992 357 4062 exterior
375 3993 457 4048 noire
475 3992 607 4064 legitur&

94 4078 123 4150 2)
144 4073 172 4133 (t.
191 4083 355 4154 ceptionem.
