2934 4608
478 95 534 144 aar
557 78 596 144 ΙΙ.
620 77 857 164 §prat-127.
1213 77 1255 147 81

90 276 203 356 partem
223 268 423 352 adcrescunt,
448 271 475 334 si
498 270 548 333 sui
571 267 701 334 heredes
725 271 803 341 sint,
829 270 862 332 in
883 256 1027 344 virilem,
1049 269 1053 352 Ι
1074 271 1103 332 si
1117 269 1282 334 extraneis
1316 265 1360 334 85

94 378 123 442 in
154 375 334 440 dimidiam:
365 374 495 451 idest,
527 377 555 438 si
585 375 657 458 quis
688 379 752 440 tres
778 374 867 441 verbi
890 376 1001 467 graptia
1025 371 1108 439 filios
1130 374 1284 440 heredesa
1312 357 1391 446 Μ’)

89 482 257 546 instituerit
286 485 318 546 et
348 478 448 546 filiam
479 481 693 564 praeterierit,
726 478 805 569 filip
834 479 1039 545 adcrescendo
1062 500 1119 565 pro
1144 485 1280 564 quartat

88 593 171 672 parte
193 584 230 650 fit
252 586 359 664 heres,
384 590 416 652 et
440 606 477 652 ea
498 586 630 675 ratilone
648 585 683 650 id
702 587 921 671 consequitur,
942 586 1026 670 quod
1047 586 1085 651 ah
1105 587 1281 652 intestatos

88 697 171 777 patre
193 699 309 757 mortuo
329 693 335 778 Ι
355 692 505 758 habitura
526 695 608 758 esset
615 710 625 770 3
651 696 684 756 at
703 693 731 756 si
751 697 915 778 extraneos
937 691 993 758 ille
1016 691 1146 760 heredes
1166 693 1282 757 insti-a

88 799 192 881 tuterit
215 802 247 862 ct
270 795 369 864 filiam
392 799 602 883 praeterierit,
625 795 692 866 filia
715 797 919 864 adcrescendo
942 819 980 862 ex
1000 793 1145 884 diimidia
1166 801 1316 882 pantena

1455 167 1457 208 1

88 900 121 966 fit
142 902 242 968 heres.
290 902 376 983 Quae
400 904 438 968 de
461 902 526 968 filia
550 903 706 980 diximus,
735 903 844 968 eadem
864 903 869 988 Ι
887 908 923 967 et
946 903 984 967 de
1003 907 1132 989 nepote,
1158 903 1283 988 dequeo
1340 942 1342 946 -
1456 877 1457 950 Ῠ

86 1009 226 1073 omnibus
245 1007 418 1074 liberorum
436 1010 576 1095 personis
596 1029 651 1074 seu
672 1009 677 1093 Ι
697 1007 865 1074 masculini
887 1029 943 1073 seu
965 1008 1257 1092 [fe]mininisexus
1270 1027 1294 1072 ιο

87 1113 166 1178 dicta
187 1111 448 1202 intellegemus}
496 1113 501 1128 '
545 1102 548 1108 ¹
1235 1195 1238 1202 Ι

12 1217 75 1304 125)
130 1219 212 1300 Quid
236 1239 311 1307 ergo
335 1217 402 1285 est?
436 1221 527 1288 Licet
547 1219 606 1286 hae
625 1213 798 1312 secdndum
818 1242 870 1296 ea,
891 1205 972 1304 quae
992 1219 1148 1298 diximus,
1171 1221 1254 1311 scri-1
1269 1237 1293 1283 ιι

86 1329 144 1411 ptis
170 1326 335 1390 dimidiam
357 1333 480 1412 partem
504 1327 596 1392 modo
618 1325 788 1392 heredibus
807 1325 991 1407 detrahant,
1013 1323 1340 1410 tamentprae·1t,1a

86 1435 132 1496 tor
163 1433 206 1496 iis
240 1436 348 1497 contra
384 1432 509 1498 tabulas
543 1433 696 1498 honorum
731 1432 956 1517 possessionem
988 1430 1166 1515 promittit,
1199 1451 1262 1515 qua

85 1539 220 1602 ratione
245 1540 384 1602 extranei
402 1534 417 1623 Ἰ
445 1537 575 1604 heredes
617 1558 635 1603 a
672 1541 740 1602 tota
769 1536 945 1601 hereditate
976 1532 1192 1620 repelluntur,
1221 1539 1258 1600 'et
1271 1554 1297 1601 ιι

85 1643 295 1728 efficiuntur!
325 1645 393 1709 sine
427 1665 461 1709 re
484 1644 638 1729 'heredem
672 1647 704 1709 et
735 1644 794 1729 hcc
815 1632 894 1706 ¹iure
925 1642 1101 1717 utebamur,
1133 1641 1219 1726 ponci
1232 1639 1257 1723 ¹)
1272 1660 1297 1706 ιε

10 1743 163 1835 126)11111
186 1751 274 1814 inter·
291 1750 437 1842 felminas
460 1756 492 1815 et
515 1749 672 1840 masculos
695 1750 861 1813 interesset
867 1767 876 1825 ;
899 1746 953 1812 sed
970 1765 1071 1832 nuper
1088 1748 1260 1832 imperator
1272 1763 1297 1811 ro

82 1855 260 1919 Antoninus
283 1853 488 1946 significavit
510 1858 677 1940 rescripte,
706 1875 778 1919 suaa
791 1853 817 1938 ²)
841 1865 904 1917 non
922 1851 1154 1942 plus-nancisci
1172 1851 1300 1921 femi-11

82 1980 137 2024 nas
157 1960 162 2044 Ι
184 1980 241 2045 per
262 1960 416 2027 honorum
438 1963 680 2046 possessionem,
706 1980 801 2045 quam
826 1956 910 2042 quod
924 1958 948 2046 ⁸)
969 1957 1039 2022 inre
1059 1956 1260 2023 adcrescendi
1272 1975 1299 2024 ra

84 2071 356 2150 consequerentur.
417 2065 507 2146 Quod
555 2068 590 2131 in
632 2061 912 2150 emanlcipatarum
957 2083 1079 2149 quoqne
1122 2062 1301 2148 perseniam

84 2171 316 2238 observandum
332 2177 393 2264 *est
406 2172 449 2252 ⁴),
494 2193 567 2238 nam
590 2174 669 2258 qaod
695 2167 893 2256 praelteritae
905 2167 930 2254 ⁵)
969 2168 1169 2235 adcrescendi
1190 2169 1298 2233 iurem

82 2277 249 2344 habiturae
273 2286 391 2362 essent,
416 2279 444 2343 si
467 2279 501 2342 in
523 2281 679 2363 potestate
700 2276 705 2361 l
726 2276 876 2352 fuissent,
898 2273 933 2338 id
954 2275 1061 2359 ipsum
1085 2275 1182 2339 etiam
1204 2281 1298 2358 perat

82 2384 238 2449 bonorum
259 2387 485 2469 possessionem
508 2385 657 2449 habeant.
679 2383 684 2467 Ι

10 2483 71 2572 127)
129 2488 194 2556 Sed
217 2492 245 2555 si
268 2491 396 2576 quidem
421 2489 506 2555 filius
530 2510 548 2554 a
571 2494 660 2574 patre
684 2485 908 2562 exheredetur,
930 2483 1119 2550 nominatim
1139 2483 1144 2567 Ι
1166 2479 1345 2566 mbo-maa

81 2595 186 2662 redari
218 2597 322 2673 debet,
353 2595 494 2682 alioquin
521 2615 583 2662 non
612 2590 893 2679 prodemptorem
920 2589 1114 2655 exheredari.
1134 2588 1141 2674 Ι
1161 2586 1300 2652 nomi-as

60 2703 185 2768 ¹natim
209 2706 315 2768 antem
340 2700 549 2788 [exheredari
570 2698 699 2767 videtur
723 2699 790 2763 sive
812 2698 859 2761 ita
883 2691 1127 2773 exhereildetur:
1154 2690 1269 2760 Titius
1326 2689 1369 2756 86
1456 2693 1457 2698 ’

82 2813 170 2880 filius
191 2835 281 2880 meus
302 2814 443 2882 exheres
464 2821 561 2904 esto,
576 2811 650 2881 sive
663 2804 859 2879 itatFilins
872 2829 972 2874 meus
991 2807 998 2893 Ι
1019 2804 1149 2872 exheres
1175 2810 1258 2883 esto,
1273 2823 1287 2868 s
1300 2783 1403 2871 ¹2⁴⁸)

115 3169 143 3239 *)
165 3185 247 3239 »pap
266 3165 382 3221 interior
400 3164 552 3219 maximam
571 3165 681 3234 partem
700 3159 862 3216 difficillime
881 3157 1016 3230 legitur''.
1123 3195 1126 3200 .

117 3259 147 3328 1)
166 3258 213 3312 Ita
232 3255 358 3313 Studem.

120 3347 151 3417 2)
172 3345 214 3402 O.:
235 3345 304 3412 Sum
323 3343 468 3400 Huschke:
489 3359 563 3398 suas.

119 3438 150 3508 3)
170 3436 213 3493 0.:
233 3436 309 3506 quod
327 3453 421 3506 qnam,

10 3517 12 3544 ⁴
116 3528 149 3596 4)
170 3527 214 3584 O.:
236 3524 474 3596 emancipato-rum
485 3563 492 3577 .
504 3561 511 3577 .
523 3563 529 3576 .
540 3562 547 3576 .
558 3535 676 3591 persona
685 3557 693 3574 .
703 3557 712 3576 .
722 3555 731 3576 .
742 3557 750 3575 .
760 3518 843 3573 esset.

118 3617 149 3689 5)
168 3634 217 3688 pro
237 3616 327 3686 spatio
347 3616 376 3670 et
396 3611 536 3668 sententia
555 3608 659 3664 addidi.
746 3664 748 3668 ,

120 3707 151 3776 6)
171 3705 215 3762 Oa
240 3706 360 3777 psiet.
386 3702 454 3758 Inde
481 3701 536 3756 st:
560 3699 663 3770 potest.
689 3693 837 3752 chdsmit
861 3695 962 3764 posset.
989 3690 1044 3747 Sed
1068 3688 1277 3762 emancipatum

78 3819 172 3873 filium
196 3821 278 3888 pater
297 3818 383 3889 poscit
400 3813 514 3885 quidem
534 3810 645 3867 silentio
664 3806 847 3872 exheredare,
867 3804 916 3861 sed
935 3804 1009 3859 filius
1028 3805 1097 3859 tunc
1116 3802 1182 3858 bon.
1200 3820 1275 3873 poss.

81 3910 182 3964 contra
200 3908 258 3962 tab.
278 3924 295 3962 a
313 3908 440 3978 praetore
459 3903 542 3974 petit.
571 3899 614 3954 Ad
630 3901 755 3955 nostram
770 3894 921 3952 lectionem
937 3894 972 3950 cf.
990 3893 1063 3948 infra
1081 3894 1115 3964 ἓξ
1127 3893 1193 3960 140,
1212 3892 1277 3952 141.

83 4042 95 4074 ἱ
121 3999 167 4068 *ἢ
187 4015 267 4070 apag⁸
293 4000 380 4053 exter.
405 3992 566 4048 difficillime
590 3989 706 4064 legitnm
731 3986 815 4042 nimis
839 3984 960 4041 incertas
978 3983 1139 4040 litterarum
1158 3983 1271 4038 umbras

84 4086 239 4164 mrperihcre
258 4085 363 4142 nolui'.

150 4182 193 4247 ιι.
1222 4182 1237 4226 c
