2880 4614
217 52 284 123 272
495 71 579 123 mer.
602 51 659 121 ΙΠ.
684 67 764 123 xxii.
789 54 850 140 §a
876 69 968 122 xxm.
992 73 1042 142 pr.
1065 54 1128 141 51.

213 271 290 316 rum
313 241 413 315 alteri
434 269 475 314 ex
497 244 767 344 honestaeque
781 257 960 342 praestare
975 254 1131 342 oportet,
1143 270 1226 314 eum
1239 244 1374 342 alioquin

213 360 251 426 in
272 357 458 428 verborum
475 356 753 454 obligationibus
771 358 861 429 alius
880 358 1085 455 stipuletur,
1099 357 1191 428 alius
1204 359 1374 453 promittat.

741 536 863 604 XXIII.

505 705 556 766 DE
576 705 773 766 EMPTIONE
794 705 842 765 ET
863 705 1112 768 venemens.

262 867 409 966 Emptio
444 877 480 938 et
514 865 669 936 venditio
703 866 940 962 contrahitur,
970 869 1181 966 simulatque
1211 867 1256 938 de
1283 871 1380 965 pretio

217 981 423 1054 convenerit
447 981 608 1078 quamvis
630 977 788 1049 nondum
813 982 964 1076 pretium
988 993 1208 1052 numeratum
1232 981 1279 1052 sit
1301 1008 1383 1053 acne
1422 969 1424 998 ²

216 1123 295 1166 arra
321 1092 463 1193 quidem
489 1093 572 1165 data
597 1091 713 1164 fuerit.
753 1120 833 1163 nam
859 1093 954 1192 quod
980 1121 1081 1166 arrae
1107 1097 1249 1166 nomine
1278 1094 1383 1183 dator,

195 1221 461 1308 ‘argumentum
489 1217 542 1278 est
568 1207 756 1302 emptionis
781 1217 817 1277 et
841 1205 1055 1278 venditionis
1081 1219 1300 1280 contractae.
1344 1211 1384 1274 sed

217 1325 294 1389 haec
324 1324 454 1409 quidem
486 1322 525 1388 de
556 1323 770 1407 emptionibus
797 1325 829 1386 et
852 1322 1104 1402 venditionibus,
1130 1344 1212 1409 quae
1235 1325 1306 1388 sine
1328 1324 1386 1387 scri·

218 1434 312 1516 ptura
334 1432 522 1507 consistunt,
550 1429 691 1514 optinere
714 1430 854 1513 oportet:
879 1448 955 1492 nom
977 1428 1062 1494 nihil
1082 1450 1101 1494 a
1123 1430 1214 1494 nobis
1237 1431 1275 1494 in
1293 1431 1386 1494 huius-

218 1538 306 1602 modi
329 1535 567 1604 venditionibus
588 1536 777 1600 innovatum
797 1537 853 1598 est.
889 1535 924 1598 in
944 1534 995 1598 his
1015 1539 1124 1600 autem
1144 1557 1225 1621 quse
1244 1538 1387 1622 scriptura

218 1641 428 1708 conficiuntur
449 1662 512 1706 non
533 1639 626 1706 aliter
643 1639 815 1724 perfectam
835 1659 902 1704 esse
920 1643 1115 1725 emptionem
1136 1648 1168 1708 et
1179 1642 1385 1709 venditionem

220 1751 465 1825 constituimus,
495 1748 559 1812 nisi
590 1750 623 1812 et
652 1748 865 1812 instrumenta
888 1749 1058 1831 emptionis
1082 1748 1201 1813 fuerint
1224 1750 1388 1833 conscripta

218 1855 271 1922 vel
300 1876 399 1921 manu
426 1855 552 1940 propria
582 1852 854 1928 contrahentium,
883 1852 999 1919 veleb
1023 1853 1086 1919 alio
1110 1855 1241 1939 quidem
1266 1858 1385 1939 scripta,

219 1982 238 2027 a
270 1961 473 2028 contrahente
504 1964 612 2024 autem
644 1958 821 2043 subscripta
852 1963 900 2042 et,
932 1960 960 2022 si
991 1980 1047 2043 per
1069 1959 1280 2026 tabellionem
1304 1958 1387 2036 finnt,

219 2069 282 2132 nisi
316 2071 348 2132 et
382 2066 608 2153 completiones
642 2066 819 2150 acceperint
853 2068 885 2128 et
920 2065 1039 2131 fuerint
1069 2069 1213 2152 partibus
1242 2066 1387 2133 absoluta

222 2173 321 2238 donec
352 2175 438 2238 enim
469 2173 589 2257 aliquid
618 2193 657 2236 ex
687 2171 738 2235 his
769 2170 873 2255 deest,
897 2176 929 2236 et
950 2175 1163 2257 poenitentiae
1184 2171 1277 2238 locus
1302 2181 1348 2238 est
1367 2181 1388 2236 et

220 2283 325 2364 potest
355 2285 479 2364 emptor
508 2277 560 2345 vel
591 2277 738 2343 venditor
769 2278 836 2341 sine
865 2297 965 2362 poena
994 2279 1137 2344 recedere
1164 2280 1203 2344 ab
1218 2257 1386 2365 emptione.

220 2387 268 2450 ita
298 2389 405 2450 tamen
435 2387 567 2471 impune
597 2383 742 2449 recedere
772 2384 818 2448 eis
842 2384 1061 2461 concedimus,
1082 2389 1144 2450 nisi
1167 2388 1234 2451 iam
1258 2406 1389 2451 arrarm

222 2492 351 2556 nomine
383 2490 504 2577 aliquid
535 2490 631 2555 fuerit
661 2489 791 2554 datum:
824 2489 885 2555 hoc
915 2493 1035 2555 etenim
1066 2493 1252 2568 subsecuto,
1279 2495 1389 2558 sivein

222 2599 349 2683 scriptis
377 2599 445 2663 sive
473 2599 541 2662 sine
563 2596 690 2682 seriptis
713 2595 856 2661 venditio
879 2595 1036 2662 celebrata
1058 2601 1123 2675 est,
1149 2599 1258 2682 isqui
1281 2605 1389 2663 recusat

222 2703 396 2789 adimplere
415 2709 632 2780 contractum,
652 2704 679 2766 si
697 2702 826 2786 quidem
847 2707 971 2787 emptor
990 2708 1054 2780 est,
1075 2704 1180 2789 perdit
1200 2704 1287 2788 quod
1300 2705 1389 2778 dedit,

222 2812 346 2876 sivero
370 2811 529 2887 venditor,
555 2808 691 2895 duplum
712 2810 879 2902 restituere
902 2807 1122 2895 compellitur,
1146 2808 1223 2876 licet
1247 2810 1333 2875 nihil
1353 2831 1390 2874 su·

222 2937 279 3000 per
312 2918 391 2981 orris
425 2936 608 3001 expressum
644 2919 701 2979 est.
748 2914 895 2979 Pretium
931 2919 1040 2980 autem
1073 2919 1226 2981 constitui
1260 2921 1402 3002 oportetu

223 3042 299 3086 nam
322 3021 412 3087 nulla
434 3023 554 3107 emptio
578 3023 645 3085 sine
664 3023 766 3106 pretio
785 3041 851 3085 esse
869 3024 986 3105 potest.
1026 3018 1088 3092 sed
1112 3031 1306 3092 etcertum
1328 3019 1416 3117 pre-{t

220 3133 306 3202 tium
334 3159 411 3205 esse
436 3133 553 3204 dehet.
604 3132 760 3231 alioquin
787 3134 815 3203 si
842 3135 891 3205 ita
912 3134 1004 3206 inter
1021 3129 1161 3231 aliquos
1181 3135 1391 3213 convenerit,
1427 3161 1428 3224 3

222 3256 281 3334 ut,
308 3249 430 3344 quanti
457 3245 574 3317 Titius
598 3273 673 3318 rem
699 3247 955 3340 aestimaverit,
979 3246 1068 3318 tanti
1094 3248 1140 3318 sit
1162 3257 1302 3346 emptag
1325 3250 1390 3312 inter
1427 3231 1428 3302 l

192 3449 194 3455 Ι
222 3367 344 3430 veteres
374 3365 451 3429 setis
482 3362 667 3448 abundeque
690 3363 750 3428 hoe
774 3363 997 3440 dubitabatur,
1022 3364 1090 3428 sive
1115 3367 1239 3428 constat
1262 3362 1387 3429 venditio

225 3471 293 3535 sive
316 3488 388 3534 non.
435 3468 490 3534 sed
512 3455 628 3534 nostra
642 3468 759 3534 decisio
781 3470 828 3533 ita
849 3469 911 3534 hoe
932 3470 1113 3545 constituit,
1137 3473 1175 3533 ut
1199 3471 1342 3553 quotiens
1358 3467 1390 3529 sic

226 3577 400 3662 composita
423 3577 466 3640 sit
488 3575 631 3641 venditio
656 3576 779 3660 ‘quanti
801 3571 857 3638 ille
880 3573 1115 3650 aestimaverit,
1137 3576 1197 3641 sub
1221 3576 1281 3640 hac
1304 3572 1390 3638 eondi-

224 3682 312 3747 cione
343 3685 441 3747 staret
472 3685 666 3758 contractus,
700 3685 755 3764 ut,
780 3681 807 3744 si
831 3680 961 3764 quidem
983 3682 1051 3765 ipse
1075 3682 1130 3766 qui
1153 3683 1336 3746 nominatus
1355 3681 1389 3741 est

224 3791 365 3874 pretium
396 3785 569 3871 definierit,
601 3787 784 3853 omnimodo
807 3787 982 3852 seeundum
1005 3790 1073 3852 eius
1097 3787 1344 3853 aestimationem
1366 3788 1387 3846 et

224 3897 365 3980 pretium
395 3893 594 3980 persolvatur
624 3898 656 3957 et
685 3914 735 3958 res
766 3893 922 3968 tradatur,
952 3898 989 3957 ut
1021 3893 1162 3959 venditio
1193 3894 1232 3958 ad
1260 3893 1388 3958 effectum

225 4001 436 4084 perducatur,
457 4005 599 4086 emptore
618 3999 747 4084 quidem
768 4002 932 4084 exempto
953 4001 1093 4076 actione,
1113 3999 1279 4065 venditore
1296 4003 1386 4063 auten

226 4125 265 4172 ex
295 4106 425 4176 vendito
449 4111 572 4194 agente.
608 4106 656 4169 sin
679 4110 788 4171 eutem
812 4104 868 4170 ille
891 4106 947 4192 qui
968 4108 1152 4172 nominatus
1172 4104 1294 4172 estvel
1315 4101 1387 4169 nolu·
