2916 4604
447 54 503 104 au
524 36 566 102 u.
590 34 829 122 stomata.
1181 37 1246 106 143
1275 93 1276 96 γ

71 245 128 310 que
159 224 238 290 aliae
268 224 392 290 multae
422 226 618 322 huiusmoldi
648 228 768 312 species
797 230 882 290 sunt.
915 227 920 308 Ι
953 223 1020 291 aus
1052 231 1138 292 certa
1167 247 1243 294 vero
1254 250 1290 305 rr,
1301 247 1328 294 rr

69 329 331 396 demonstratione
356 334 496 397 incertae
518 351 669 418 personae
689 332 695 418 Ι
715 339 799 396 recte
818 330 962 418 legatum
987 330 1107 398 veluti:
1123 353 1182 410 „ex
1195 353 1243 400 co
1256 355 1282 399 ra

68 437 171 522 gnatis
200 438 300 514 meis,
329 439 386 522 qui
407 458 492 503 nunc
515 443 604 515 sunt,
626 439 632 522 Ι
652 439 708 522 qui
731 438 855 521 primus
877 436 918 501 ad
940 437 1036 502 funus
1059 458 1167 504 meum
1193 460 1282 504 verr
1306 453 1309 459 “

9 537 57 627 39)
68 542 149 606 uerit
156 587 166 618 ,
196 543 226 606 ei
249 542 357 607 decem
380 542 473 608 milia
495 544 599 639 hetrcs
621 563 714 608 meus
737 541 842 606 dato''.
878 541 1024 608 Libertas
1047 563 1282 628 quoquenonrs

66 646 191 712 videtur
225 649 363 713 incertae
397 669 547 733 personae
578 649 648 714 dari
677 668 783 732 posse,
817 649 892 732 quia
922 647 974 712 lex
996 645 1088 712 Fufia
1110 645 1281 714 caninias

8 749 56 836 4οΙ
66 752 155 817 iubet
174 754 180 837 Ι
199 755 390 819 nominatim
419 774 527 820 servos
554 753 693 820 liberari.
742 752 842 817 Tutor
869 772 993 838 quoque
1025 751 1142 840 certius
1171 754 1239 820 dari
1250 777 1286 832 rr,
1300 775 1326 822 ia

8 855 55 944 41)
68 857 170 924 debet.
191 859 196 942 Ι
216 858 370 926 Postumo
393 879 518 945 quoque
541 860 644 926 alieno
664 858 824 934 inutiliter
841 858 979 946 legatur.
1004 859 1087 942 [Eat]
1099 865 1207 926 autem
1228 862 1234 948 Ι
1255 881 1280 925 ra

63 960 185 1029 alienus
204 969 388 1048 postumus,
412 967 469 1050 qui
492 971 586 1031 natus
608 967 692 1030 inter
715 983 789 1028 suos
811 963 941 1028 heredes
961 963 968 1049 Ι
987 967 1132 1029 testatori
1151 965 1285 1043 futu-ao,
1298 985 1322 1031 ar

61 1088 114 1132 rus
145 1089 208 1134 non
243 1075 304 1147 est;
336 1070 471 1155 ideoque
500 1092 539 1136 cx
570 1072 751 1154 mancipato
765 1065 791 1154 1)
818 1067 947 1154 quelque
978 1065 1044 1134 filio
1075 1079 1280 1154 conceptussa

61 1194 177 1259 nepos,
201 1180 368 1240 extraneus
390 1181 547 1260 postumus
570 1183 622 1240 cot.
644 1176 650 1262 Ι
671 1176 747 1240 Item
766 1177 818 1260 qai
837 1178 871 1240 in
889 1180 979 1239 utero
995 1186 1043 1238 est
1062 1175 1147 1258 eius,
1161 1195 1279 1260 quaeso

60 1280 93 1342 in
116 1283 185 1344 iure
209 1279 298 1346 civili
319 1301 384 1346 non
402 1273 616 1368 intellelgitur
631 1301 730 1355 uxor.
752 1286 921 1346 extraneus
938 1284 1106 1364 postumus
1117 1282 1201 1365 patri
1215 1280 1240 1368 Ἰ
1252 1301 1280 1347 aa

7 1379 49 1462 12)
60 1383 287 1472 intelleltgitur.
334 1387 381 1452 Ao
415 1407 454 1451 ne
488 1387 579 1452 heres
614 1386 744 1471 quidem
766 1390 872 1471 potest
893 1386 1021 1450 institui
1043 1387 1237 1470 postumus!
1314 1385 1379 1451 116

6 1487 48 1576 13)
61 1490 202 1570 alienus;
235 1496 282 1556 est
310 1495 395 1557 enim
425 1493 546 1558 incerta
575 1511 717 1577 persona.
765 1488 897 1556 Caetera
925 1510 1000 1557 vero
1023 1511 1103 1576 quae
1120 1491 1130 1588 Ι
1149 1511 1293 1576 supras,e
1309 1477 1380 1560 ¹³⁶³)

59 1597 218 1674 diximus,
249 1597 288 1662 ad
319 1596 427 1684 legata
453 1599 578 1683 proprie
600 1598 775 1683 pertinent,
803 1615 999 1681 quamquam
1021 1616 1084 1660 non
1104 1597 1109 1680 Ι
1129 1598 1268 1661 imme-r

58 1705 120 1767 rito
132 1709 157 1778 †
170 1704 196 1787 3)
219 1702 411 1787 quibusdam
433 1701 575 1788 placeat,
594 1721 712 1787 poenae
728 1704 857 1766 nomine
868 1701 1029 1792 hetredem
1040 1703 1168 1766 institui
1180 1721 1268 1767 nous

58 1804 168 1893 posso;
189 1807 272 1872 nihil
291 1811 377 1874 enim
397 1809 547 1886 interest,
570 1809 575 1892 Ι
595 1813 707 1872 utrum
723 1806 870 1894 legatum
891 1806 964 1871 dare
981 1807 1129 1871 iubeatur
1140 1806 1267 1884 hereat

58 1915 86 1978 si
108 1915 222 1979 fecerit
245 1912 377 2002 alitquid
401 1919 457 1978 aut
479 1934 543 1979 non
565 1913 693 1998 fecerit,
717 1933 758 1978 an
777 1913 904 1978 coheres
917 1913 946 1977 ei
959 1912 1132 1977 adiciatur:
1146 1912 1221 1996 quia
1236 1907 1268 2002 Ιτ

54 2024 126 2084 ‘tam
159 2018 320 2084 coheredis
347 2018 522 2085 adiectione
546 2041 642 2104 quam
665 2019 766 2107 legati
792 2019 917 2084 datione
940 2013 1176 2102 comlpellitur,
1201 2021 1239 2082 ut
1250 2036 1300 2093 aa

57 2125 182 2210 aliquid
205 2129 314 2190 contra
335 2127 532 2211 propositum
556 2147 651 2190 suum
673 2125 782 2221 facilat
804 2129 861 2190 aut
883 2143 946 2188 non
968 2123 1074 2189 faciat.
1096 2124 1102 2210 Ι
1251 2142 1278 2188 ro

47 3569 248 3586 ι--Ι--·

83 3650 116 3720 1)
138 3647 185 3703 Sic
204 3645 286 3712 θοάς
307 3660 397 3714 neque
416 3660 485 3714 opus
505 3644 547 3697 est
566 3639 732 3696 mutatione.
752 3640 788 3694 cf.
809 3641 901 3711 5135.

80 3740 112 3812 2)
138 3735 184 3794 Oa
203 3735 311 3808 patris.

80 3831 112 3900 *Ι
135 3844 219 3899 »pap
238 3824 355 3882 interior
372 3821 506 3880 facillime
524 3818 655 3892 legitur''.

80 3919 115 3989 3)
135 3915 280 3973 Excidisse
304 3915 451 3980 ridentur,
475 3910 562 3984 (quod
579 3927 614 3964 ex
632 3908 788 3963 Iustiniano
808 3909 871 3978 §36
890 3907 919 3964 h.
938 3911 960 3964 t.
981 3909 1125 3985 discimus)
1144 3911 1244 3968 rerba:
1327 3911 1329 3916 ’

41 4010 164 4063 »Sabini
187 4005 340 4063 renuntio&
369 4002 449 4072 Quod
472 4002 496 4056 si
521 3999 576 4055 fuit
606 3997 690 4054 Caelii
715 3999 821 4067 Sabini,
841 4017 913 4054 unus
931 3998 1016 4070 periit
1034 4018 1130 4058 versus
1149 4002 1246 4057 arche-

40 4097 110 4170 typi
132 4097 182 4168 (19
200 4097 339 4169 litterac):
360 4091 466 4150 »Caelii
485 4089 582 4147 Sabini
601 4087 735 4161 nitidat)
