2934 4608
202 29 245 100 68
532 48 618 98 msr.
641 29 682 94 11.
706 45 740 92 x.
767 24 852 112 §lt
878 42 923 89 ru.
947 23 1072 110 pr.§l.

200 219 292 286 civili
322 225 569 294 testamentum,
602 219 725 300 septem
747 215 884 279 testibus
908 213 1060 279 adhibitis
1083 216 1115 276 et
1137 229 1195 275 sua
1217 207 1384 274 voluntate

205 346 310 413 eoram
334 327 378 390 eis
397 329 595 410 nuncupata,
615 323 695 387 seiat
714 321 773 385 hoo
792 319 1061 405 patentissimum
1073 319 1303 380 testamentum
1315 314 1385 376 iure

205 430 296 496 civili
319 428 513 515 firmumque
532 429 754 494 constitutum.

765 706 823 771 XI.

530 875 581 934 Du
602 871 780 932 MILITARI
801 873 1063 932 resumendo,

255 1035 370 1130 Supra
397 1033 492 1104 dieta
518 1033 671 1130 diligens
693 1030 893 1102 observatio
913 1032 949 1101 in
969 1030 1177 1102 ordinandis
1195 1041 1390 1100 testamen·

65 1185 68 1212 ι
193 1151 251 1226 ,tis
285 1145 456 1218 militibus
488 1156 632 1245 propter
665 1145 809 1214 nimiam
841 1145 1052 1240 imperitiam
1079 1140 1389 1213 constitutionibus

204 1258 460 1358 principalibus
485 1259 633 1328 remissa
659 1268 722 1326 est.
773 1283 855 1326 nam
881 1258 1042 1352 quamvis
1067 1255 1104 1324 hi
1131 1247 1245 1351 neque
1270 1253 1388 1352 legiti-

203 1397 299 1443 mum
326 1396 509 1441 nnmerum
534 1370 676 1440 testium
694 1366 922 1438 adhibuerint
940 1393 1053 1464 neque
1072 1367 1178 1438 aliam
1193 1362 1388 1438 'testamen-

207 1494 324 1555 torum
360 1482 633 1554 sollemnitatem
672 1478 955 1573 observaverint,
992 1489 1088 1550 reete
1126 1479 1238 1549 nihilo
1276 1481 1390 1550 minus

206 1605 399 1687 testantur,
422 1594 572 1662 videlieet
595 1616 669 1660 eum
691 1597 725 1658 in
749 1595 1004 1679 expeditionibus
1026 1595 1170 1678 oeeupati
1194 1599 1286 1658 sunt:
1306 1594 1388 1678 quod

208 1711 324 1776 merito
346 1713 454 1774 nostra
477 1708 661 1771 constitutio
683 1705 821 1769 induxit.
868 1726 994 1791 quoquo
1016 1707 1100 1770 enim
1123 1707 1218 1772 modo
1240 1706 1388 1772 voluntas

210 1818 279 1881 eius
309 1833 457 1898 suprema
483 1813 551 1876 sive
573 1814 691 1895 scripta
712 1813 895 1876 inveniatur
917 1813 985 1877 sive
1007 1813 1076 1875 sine
1098 1815 1274 1896 seriptum,
1300 1811 1385 1876 valet

209 1923 439 1984 testamentum
470 1939 509 1982 ex
538 1915 702 1982 voluntate
730 1919 808 1980 eius.
854 1916 921 1981 illis
953 1922 1061 1982 autem
1092 1918 1307 2002 temporibus,
1335 1938 1391 2002 per

213 2044 292 2108 quae
323 2025 402 2087 eitra
433 2022 671 2108 expeditionum
696 2023 918 2087 nenessitatem
941 2024 975 2084 in
999 2021 1071 2087 aliis
1093 2022 1171 2087 loeis
1193 2023 1245 2088 vel
1267 2027 1302 2087 in
1323 2025 1391 2088 suis

211 2127 339 2193 sedibus
363 2127 501 2213 degunt,
524 2128 659 2190 minime
683 2127 722 2190 ad
740 2126 967 2206 vindicandum
987 2125 1059 2190 tale¹
1071 2128 1280 2215 privilegium
1299 2127 1386 2194 adiu-

156 2245 158 2249 ‘
210 2237 344 2298 vantur:
368 2232 421 2296 sed
445 2233 555 2296 testari
578 2232 707 2315 quidem
732 2236 764 2296 et
787 2234 816 2295 si
837 2230 897 2294 filii
918 2231 1058 2296 familias
1081 2237 1157 2296 sunt
1178 2239 1306 2318 propter
1327 2235 1386 2296 mi-

211 2337 318 2404 litiam
349 2337 580 2414 conceduntur,
610 2339 680 2400 iure
710 2340 819 2401 tamen
851 2339 1032 2419 eommuni,
1057 2357 1093 2400 ea
1115 2339 1334 2404 observatione
1357 2345 1389 2404 et

97 2467 99 2474 ·
211 2445 246 2508 in
269 2463 378 2508 eorum
402 2445 602 2508 testamentis
625 2442 821 2524 adhibenda,
846 2462 943 2525 quam
967 2446 1000 2504 et
1023 2445 1058 2504 in
1074 2445 1275 2508 testamentis
1294 2463 1389 2532 paga-

211 2568 327 2614 norum
362 2551 506 2632 proxime
540 2549 754 2632 exposuimus.
802 2545 901 2610 Plane
936 2546 974 2610 de
1008 2546 1154 2610 militum
1189 2553 1409 2616 testamentisr

171 2743 174 2749 Ι
212 2653 306 2718 divus
337 2651 491 2718 Traianus
521 2651 650 2718 Statilio
680 2632 870 2717 Severo'ita.
888 2654 1065 2737 rescripsit:
1091 2653 1140 2716 ‘Id
1162 2654 1390 2742 privilegium,

165 2788 167 2795 v
212 2757 295 2842 quod
326 2757 542 2822 militantibus
571 2757 684 2820 datum
714 2762 779 2840 est,
809 2763 847 2820 nt
877 2777 1001 2841 quoquo
1029 2757 1124 2823 modo
1153 2759 1238 2824 faeta
1265 2761 1303 2824 ab
1340 2763 1391 2826 his

211 2865 403 2926 testamenta
433 2866 503 2926 rata
537 2863 618 2943 sint,
643 2863 687 2925 sie
710 2861 857 2949 intellegi
879 2862 989 2940 debet,
1016 2866 1054 2926 ut
1075 2865 1188 2948 utique
1209 2868 1298 2950 prius
1321 2887 1393 2932 eon-

163 3002 165 3010 *
213 2971 296 3034 stare
329 2967 457 3042 debeat,
478 2969 706 3030 testamentum
729 2966 851 3031 factum
873 2987 957 3044 esse,
983 2966 1067 3051 quod
1089 2973 1123 3032 et
1146 2971 1213 3034 sine
1235 2973 1393 3056 scriptura

129 3134 130 3143 ,
211 3091 230 3136 a
263 3093 326 3136 non
360 3071 574 3138 militantibus
609 3092 732 3155 quoque
766 3070 834 3136 fieri
867 3075 982 3157 potest.
1028 3075 1057 3138 is
1091 3093 1165 3161 ergo
1205 3076 1317 3153 miles,
1352 3077 1392 3142 de

212 3177 304 3244 ouius
332 3177 433 3244 bonis'
453 3177 538 3260 apud
567 3181 602 3242 te.
630 3181 807 3261 quaeritur,
839 3179 868 3242 si
898 3181 1078 3244 convasatis
1107 3179 1148 3244 ad
1167 3179 1231 3246 hoo
1253 3181 1393 3246 homini-

210 3279 288 3360 hus,
312 3287 350 3346 ut
373 3281 574 3348 voluntatem
597 3287 688 3348 suam
712 3287 897 3366 testaretur,
921 3286 968 3348 ita
988 3282 1120 3348 loeutus
1137 3283 1201 3368 est,
1225 3291 1263 3362 ut
1290 3286 1391 3353 deela-

211 3391 313 3470 raret,
337 3409 431 3471 quem
450 3387 549 3454 vellet
567 3389 629 3452 sibi
646 3407 713 3452 esse
732 3388 880 3453 heredem
903 3394 935 3454 et
954 3391 1006 3452 eui
1024 3388 1208 3454 libertatem
1231 3393 1392 3478 tribuere,

210 3495 315 3578 potest
345 3493 449 3558 videri
477 3495 544 3557 sine
574 3495 691 3577 scripto
721 3492 780 3558 hoe
809 3493 906 3564 modo
940 3513 1006 3560 esse
1029 3499 1165 3560 testatus
1188 3500 1220 3561 et
1242 3497 1394 3564 voluntas

212 3599 280 3660 eius
309 3602 378 3663 rata
409 3598 553 3662 habenda
582 3604 638 3662 est.
686 3603 826 3673 aeterum
858 3601 898 3675 si,
923 3603 961 3663 ut
983 3599 1170 3686 plerumque
1193 3605 1396 3670 sermonibus

212 3699 282 3766 fieri
312 3701 409 3778 solet,
443 3703 525 3767 dixit
545 3702 658 3768 alieni:
683 3713 766 3790 tago
789 3709 821 3768 te
843 3704 995 3769 heredem
1019 3705 1109 3771 faoio’
1133 3711 1189 3770 aut
1213 3708 1287 3773 ‘tibi
1309 3709 1394 3776 bona

211 3827 285 3870 mea
314 3807 479 3892 relinquo’,
510 3829 573 3872 non
596 3813 719 3893 oportet
741 3809 801 3894 hoe
824 3830 880 3894 pro
904 3815 1095 3892 testamento
1117 3812 1289 3880 observari.
1336 3838 1396 3883 neo

212 3910 352 3977 ullorum
383 3916 488 4000 magis
518 3916 649 3978 interest
684 3915 778 3998 qua'm
801 3896 960 3998 ipsorum,
984 3917 1100 4001 quibus
1123 3909 1395 4008 idlprivilegium

211 4015 324 4080 datum
347 4021 410 4092 est,
434 4019 590 4084 eiusmodi
614 4017 797 4104 exemplum
819 4041 882 4084 non
906 4021 1054 4086 admitti:
1077 4021 1218 4106 alioquin
1241 4045 1305 4090 non
1336 4028 1396 4092 dif-
