2916 4604
219 45 286 137 111
600 70 683 126 mss.
708 1 764 125 111.
788 76 810 124 1.
835 51 1027 142 1111-14.

218 243 409 329 emancipati
433 243 585 313 beneficio
607 250 761 333 praetoris
784 249 920 337 gradum
943 248 1116 314 liberorum
1138 246 1294 321 retinent,
1315 244 1383 314 lieet

214 347 285 417 iure
308 350 399 418 civili
420 353 573 437 perdunt:
598 354 741 440 adoptivi
762 376 837 422 vero
861 357 1053 441 emancipati
1075 362 1107 420 et
1129 356 1200 420 iure
1217 354 1307 421 civili
1323 376 1384 440 per-

215 456 296 522 dunt
318 457 455 546 gradum
478 457 652 526 liberorum
670 466 709 525 et
732 482 751 526 a
773 467 916 546 praetore
932 482 995 527 non
1015 462 1216 528 adiuvantur.
1238 465 1271 526 et
1288 467 1382 526 recte:

215 562 374 629 naturalia
396 567 481 630 enim
504 567 575 631 iura
598 565 703 633 civilis
726 570 808 633 ratio
831 589 993 654 peremere
1015 589 1077 634 non
1099 572 1206 654 potest
1225 588 1299 652 nec,
1317 569 1385 652 quia
1448 606 1449 613 1

216 668 364 736 desinunt
387 673 438 736 sui
459 670 590 737 heredes
613 693 695 750 esse,
721 674 862 740 desinere
885 680 1017 759 possunt
1039 673 1100 740 filii
1119 673 1245 740 filiaeve
1265 679 1320 739 aut
1338 695 1384 738 ne

215 781 305 860 potes
324 784 474 863 neptesve
493 796 577 844 esse:
601 779 745 865 adoptivi
767 775 842 847 vero
865 783 1057 866 emancipati
1079 785 1302 846 extraneorum
1323 779 1387 844 loco

216 883 376 968 incipiunt
408 906 490 970 esse,
514 888 589 970 quis
611 888 663 951 ius
685 906 863 973 nomenque
887 885 946 951 filii
970 885 1111 966 filiaeve,
1135 886 1221 971 quod
1243 907 1299 971 per
1321 885 1388 950 edo-

217 991 360 1072 ptionem
380 994 539 1057 consecuti
558 998 649 1066 sunt,
670 992 735 1058 alia
752 991 842 1059 civili
861 994 999 1068 ratione,
1016 992 1053 1057 id
1065 998 1113 1057 est
1125 993 1386 1077 emancipatione,

215 1095 361 1179 perdunt.
408 1097 528 1163 Eadem
560 1099 650 1164 haec*
667 1100 874 1166 observentur
903 1104 936 1164 et
963 1101 997 1162 in
1029 1119 1066 1164 ea
1094 1098 1250 1163 bonorum
1273 1118 1416 1183 possess

216 1203 323 1278 sione,
345 1224 441 1292 quam
460 1210 569 1270 contra
588 1205 715 1271 tabulas
729 1207 914 1271 testamenti
924 1207 1064 1290 parentis
1075 1203 1185 1268 liberis
1196 1205 1387 1289 praeteritis,

215 1307 249 1371 id
281 1314 328 1374 est
350 1331 451 1395 neque
474 1311 643 1376 heredibus
665 1313 824 1376 institutis
846 1331 948 1396 neque
971 1315 1008 1376 ut
1032 1315 1154 1394 oportet
1178 1310 1388 1385 exheredatis,

214 1420 340 1498 praetor
370 1417 548 1502 pollicetur.
595 1404 747 1483 nam'eos
770 1416 916 1502 quidem,
941 1419 1054 1501 quiin
1076 1420 1233 1501 potestate
1255 1417 1391 1501 parentis

214 1524 329 1588 mortis
358 1527 500 1609 tempore
530 1524 679 1608 fuerunt,
703 1529 735 1588 et
759 1526 974 1609 emancipatos
997 1527 1090 1589 vocat
1111 1527 1238 1609 praetor
1260 1522 1300 1588 ad
1325 1542 1391 1586 eam

216 1627 370 1695 bonorum
388 1631 634 1714 possessionem:
655 1651 707 1696 eos
726 1650 818 1708 vere,
838 1631 894 1714 qui
913 1632 946 1694 in
967 1629 1117 1714 adoptiva
1130 1628 1393 1694 familiafuerunt

215 1755 272 1820 per
293 1735 354 1801 hoc
375 1741 521 1820 tempus,
545 1756 607 1820 quo
626 1735 782 1802 naturalis
800 1756 913 1821 parens
931 1741 1128 1820 moreretur,
1146 1734 1284 1819 repellit.
1315 1737 1393 1799 item

217 1841 384 1931 adoptivos
401 1842 519 1907 liberos
538 1844 751 1928 emancipatos
763 1843 802 1907 ab
814 1843 965 1927 adoptivo
976 1847 1065 1927 patre
1078 1844 1162 1907 sicut
1173 1841 1213 1906 ab
1225 1843 1392 1919 intestato,

217 1949 265 2014 111
287 1948 382 2036 longe
404 1951 514 2016 minus
535 1953 643 2015 contra
665 1948 791 2015 tabulas
814 1950 999 2015 testamenti
1022 1947 1062 2013 ad
1084 1948 1166 2013 bona
1188 1949 1257 2012 eius
1279 1947 1394 2012 admit-

218 2055 276 2130 tit,
296 2057 371 2140 quia
391 2056 539 2122 desinunt
555 2057 591 2119 in
608 2055 783 2121 liberorum
802 2075 935 2119 numero
954 2075 1031 2119 esse.
1066 2053 1266 2118 Admonendi
1284 2059 1423 2120 tamenn

221 2180 332 2226 sumus
364 2182 434 2240 eos,
464 2165 520 2248 qui
549 2165 584 2226 in
615 2162 764 2246 adoptiva
795 2160 919 2226 familia
947 2166 1023 2226 sunt
1049 2162 1145 2246 quive
1166 2165 1238 2245 post
1260 2165 1398 2225 mortem

220 2267 375 2334 naturalis
394 2271 533 2354 parentis
552 2269 590 2333 ab
611 2268 759 2354 adoptivo
778 2273 868 2353 patre
884 2268 1076 2354 emancipati
1093 2267 1229 2342 fuerint,
1249 2269 1398 2332 intestato

219 2381 350 2464 parente
385 2375 524 2441 naturali
558 2380 684 2440 mortuo
718 2374 795 2440 licet
825 2397 863 2441 ea
891 2379 980 2460 parte
1010 2374 1126 2451 edicti,
1157 2394 1219 2458 qua
1240 2372 1338 2438 liberi
1360 2372 1399 2437 ed

219 2485 375 2551 bonorum
405 2502 633 2568 possessronem
663 2485 835 2566 vocantur,
866 2502 929 2548 non
951 2481 1179 2557 admittantur,
1205 2480 1269 2546 alia
1290 2484 1398 2548 temen

218 2596 309 2684 perte
342 2592 466 2668 vocari,
498 2587 533 2654 id
564 2592 611 2653 est
641 2606 704 2671 qua
733 2588 862 2674 cognati
893 2586 1033 2652 defuncti
1063 2591 1228 2653 vocantur.
1275 2606 1400 2671 exque

218 2703 309 2786 perte
332 2699 380 2763 ita
402 2697 630 2764 admittuntur.
658 2695 686 2758 si
709 2713 812 2778 neque
833 2695 885 2757 sui
906 2693 1037 2758 heredes
1059 2691 1154 2759 liberi
1175 2713 1278 2778 neque
1293 2713 1400 2758 eman-

219 2805 318 2887 cipati
347 2802 472 2871 obstent
501 2822 604 2886 neque
636 2800 793 2888 adgnatus
824 2798 954 2884 quidem
985 2798 1073 2864 ullus
1094 2800 1302 2865 interveniat:
1329 2803 1401 2862 ante

220 2910 307 2972 enim
330 2912 455 2994 praetor
476 2907 593 2986 llberos
615 2912 708 2973 vocat
726 2911 794 2971 tam
813 2925 886 2970 suos
905 2905 1035 2970 heredes
1057 2926 1153 2990 quam
1173 2907 1401 2990 emancipatos,

216 3012 332 3092 [leinde
359 3011 524 3098 legitimos
554 3012 699 3098 heredes,
730 3011 841 3077 deinde
871 3014 1032 3096 proximos
1061 3015 1220 3100 cognatos.
1268 3007 1333 3076 seo
1360 3031 1429 3075 eac

217 3122 326 3200 omnia
358 3120 544 3205 antiquitati
575 3119 704 3204 quidem
730 3117 935 3203 placuerunt:
958 3117 1098 3204 aliquam
1121 3122 1228 3183 autem
1254 3116 1402 3182 emenda

216 3241 337 3305 tionem
371 3251 390 3297 1
416 3231 523 3293 nostra
546 3227 770 3291 const'tutione
793 3228 996 3310 acceperunt,
1022 3245 1117 3310 quam
1141 3244 1235 3308 super
1258 3223 1311 3288 his
1333 3244 1402 3308 per-
1455 3235 1456 3304 Ῑ

217 3347 302 3411 sonis
325 3337 508 3430 posuimus,
530 3353 610 3419 quae
634 3353 653 3397 a
674 3331 819 3416 patribus
842 3331 908 3395 suis
931 3328 1129 3396 naturalibus
1144 3333 1179 3394 in
1198 3330 1402 3415 adoptionem

218 3449 291 3516 aliis
314 3450 440 3515 dentur.
486 3443 669 3512 invenimus
692 3438 809 3502 etenim
832 3434 1002 3502 nonnullos
1024 3456 1132 3515 casus,
1151 3437 1324 3521 inquibus
1344 3434 1403 3500 filii

219 3560 251 3622 et
272 3554 470 3621 naturalium
493 3553 663 3639 parentum
685 3545 913 3610 successionem
934 3547 1063 3628 propter
1085 3541 1289 3628 adoptionem
1310 3543 1403 3608 amit·

218 3662 330 3728 tebant
360 3667 392 3726 et
423 3661 590 3746 adoptione
619 3652 713 3720 facilc
744 3671 800 3737 per
825 3651 1109 3735 emancipationem
1132 3645 1238 3713 soluta
1261 3646 1303 3713 ad
1327 3669 1405 3713 neu·

219 3770 300 3833 trius
323 3770 424 3853 patris
446 3767 676 3833 successionem
698 3758 902 3825 vocabantur.
937 3756 997 3823 hoc
1020 3753 1114 3822 solito
1132 3774 1222 3820 more
1242 3755 1403 3843 corrigen-

219 3878 268 3940 tes
299 3875 559 3940 constitutionem
589 3869 787 3954 scripsimus,
817 3884 875 3949 per
904 3883 1000 3947 quam
1031 3858 1252 3944 delinivimus,
1276 3861 1405 3946 quando

221 4000 335 4065 parens
363 3979 518 4046 naturalis
546 3976 651 4041 filium
674 3992 770 4038 suum
792 3968 1009 4056 adoptandum
1032 3966 1089 4032 alii
1112 3967 1252 4052 dederit,
1276 3969 1406 4056 integra

224 4087 331 4155 omnia
359 4087 431 4152 iura
459 4088 506 4153 ita
532 4083 667 4163 servari,
700 4084 794 4166 atque
824 4078 852 4142 si
881 4079 915 4141 in
947 4075 1047 4160 patris
1068 4071 1222 4140 naturalis
1246 4078 1405 4158 potestate

1383 4378 1398 4420 s

1341 4464 1384 4561 d
