2880 4614
0 2885 2 2906 r
102 2857 141 2924 Si
171 2861 221 2937 id,
252 2860 335 2944 quod
366 2859 434 2923 dari
464 2858 675 2944 stipulamur,
707 2858 771 2922 tale
798 2861 857 2943 sit,
882 2864 919 2923 ut
941 2859 1011 2923 dari
1034 2880 1097 2925 non
1120 2862 1237 2946 possit,
1253 2862 1332 2948 (5),o

47 2962 185 3029 inutilis
215 2970 262 3030 est
291 2964 473 3050 stipulatio:
503 2964 594 3030 velut
617 2966 735 3049 siquis
758 2963 920 3029 hominem
944 2963 1112 3043 liborum,
1138 2987 1234 3051 quem
1247 2989 1298 3050 r,s

48 3093 187 3138 servum
212 3093 278 3136 esse
302 3071 467 3149 credebat,
491 3076 547 3136 aut
568 3076 733 3137 mortuum
758 3092 852 3156 quem
877 3073 991 3136 vivum
1012 3091 1077 3136 ease
1097 3073 1265 3138 credebato

46 3184 111 3243 aut
143 3176 251 3242 looum
276 3199 400 3243 sacrum
424 3176 476 3243 ve]
499 3173 717 3264 relilgiosum‚
740 3197 835 3262 quem
856 3177 989 3262 putabat
1008 3177 1141 3243 humani
1159 3180 1238 3243 iuris
1250 3201 1275 3244 ro

46 3305 122 3350 esse
148 3284 217 3348 dari
237 3286 242 3368 Ι
263 3284 442 3370 stipuletur.
467 3281 530 3369 Η)
557 3305 654 3369 aeque
678 3283 803 3348 inutilis
827 3289 874 3348 est
898 3283 1100 3370 stipulatio!

85 3505 117 3573 1)
138 3504 279 3559 Lacunam
304 3504 446 3560 Lachman
470 3521 504 3558 ex
530 3501 623 3556 Instit.
651 3499 793 3571 supplevit
813 3501 854 3568 (et
872 3497 942 3552 Edd.
961 3506 1025 3569 post
1046 3499 1117 3553 1848
1137 3517 1246 3570 recepe-

39 3596 142 3663 runt):
175 3595 263 3650 »Item
289 3595 312 3649 si
337 3595 398 3664 quis
419 3612 492 3660 rem,
513 3609 584 3661 quaa
603 3591 633 3645 in
652 3607 745 3644 rerum
764 3591 866 3643 natura
886 3604 944 3642 esse
964 3606 1020 3644 non
1039 3591 1147 3659 potest,
1166 3591 1246 3646 velut

41 3684 318 3754 hippocentaurum,
354 3683 532 3753 stipuletrrr”.
572 3681 627 3736 Hia
655 3680 750 3736 notat:
781 3677 885 3732 »Plane
914 3677 1021 3747 aliquid
1049 3679 1167 3746 excidit,
1198 3681 1245 3735 sed

40 3773 135 3828 etiam
156 3772 233 3828 aliud
252 3773 360 3829 inutilis
380 3773 570 3842 stipulationis
589 3769 748 3840 exemplum
767 3767 852 3822 fuisse
870 3768 991 3836 potest''.
1030 3769 1067 3824 Et
1082 3769 1111 3822 id
1131 3770 1245 3839 quidem

40 3867 74 3917 et
102 3862 175 3918 mihi
200 3863 325 3930 ridetur,
350 3863 445 3932 itaqua
471 3880 527 3918 non
551 3861 687 3932 putabam
713 3859 742 3914 in
768 3857 916 3912 verborum
936 3859 1097 3912 contextum
1116 3859 1190 3915 hano
1208 3863 1243 3932 oj.

39 3953 135 4024 recipi
168 3971 262 4024 posse,
292 3971 376 4022 quam
401 3955 496 4008 tamen
526 3953 581 4006 Hia
609 3949 723 4020 recepit.
762 3946 841 4014 Quod
870 3948 965 4000 autem
994 3945 1099 4002 ibidem
1129 3949 1242 4004 additur

43 4042 155 4098 »veluti
179 4043 247 4098 faeti
265 4042 461 4113 impossibilis''
481 4061 538 4097 non
557 4043 600 4096 est
618 4039 776 4096 verisimile.
805 4037 890 4092 Gaius
907 4025 1103 4109 praeterquam
1119 4039 1149 4093 in
1168 4057 1242 4095 moo-

40 4135 104 4188 dati
123 4133 302 4206 obligationis
320 4147 420 4205 genere
439 4133 474 4189 de
491 4135 575 4204 foetis
593 4149 649 4189 non
668 4130 738 4203 agit.
