2916 4604
208 29 274 101 146
574 45 658 100 msa.
682 26 723 100 li.
747 43 841 98 nnn
864 27 900 117 ξς
925 27 1021 98 1--a

203 227 334 311 rogatus
366 225 450 286 erat:
482 221 598 307 quibus
626 222 713 286 enim
736 241 799 288 non
821 227 966 306 poterant
989 220 1182 288 hereditates
1208 219 1259 290 vel
1278 220 1369 312 legata

203 329 401 413 relinquere,
429 327 717 411 derelinquebant,
743 325 817 394 fidei
840 329 1084 394 committebant
1108 349 1235 413 eorum,
1259 333 1311 414 qni
1331 351 1369 395 ea

205 456 279 522 pere
309 454 349 498 ex
378 438 570 498 testamento
601 437 764 516 poterant:
797 437 829 497 et
859 432 931 498 ideo
961 431 1206 498 fideicommissa
1230 436 1372 520 appellata

208 545 298 618 sunt,
332 541 407 624 qnia
437 539 526 604 nullo
557 536 806 622 vinculorum,
831 538 886 603 sed
908 543 1035 604 tantum
1057 540 1177 624 pudore
1201 562 1308 606 eornm
1329 546 1373 627 qui

206 647 402 736 rogabantur
424 645 674 710 continebantur.
721 648 830 729 postea
852 647 977 728 primus
998 645 1092 712 dirus
1109 647 1276 732 Augustus
1288 649 1373 713 semel

206 757 388 836 iterumque
407 753 511 838 gratia
529 769 734 835 personarum
753 755 878 827 motus,
900 750 953 817 rel
972 754 1048 836 quia
1066 773 1122 837 per
1137 755 1239 838 ipsius
1250 753 1373 820 salumn

205 863 337 947 rogatus
365 859 437 941 quis
467 855 639 933 diceretur,
671 861 728 920 aut
756 855 796 920 ob
819 857 978 943 insignem
1001 859 1199 942 quorundam
1223 859 1374 944 perfidiam

204 965 300 1030 iussit
333 961 516 1028 consulibus
549 964 774 1029 auctoritatem
805 982 899 1029 suam
933 965 1140 1048 interponere
1196 966 1280 1050 quod
1313 970 1375 1050 quia

207 1075 331 1137 iustum
360 1069 529 1136 ridebatur
553 1072 585 1133 et
606 1067 757 1154 populare
782 1073 864 1146 erat,
891 1068 1046 1154 peneum
1073 1090 1260 1136 conversum
1274 1075 1375 1136 estin

206 1177 370 1245 adsiduam
403 1175 673 1240 iurisdictionem:
698 1179 868 1260 tantusque
891 1175 981 1242 farer
1004 1196 1113 1242 eorum
1135 1177 1239 1242 hctus
1261 1181 1325 1252 est,
1345 1182 1376 1240 ut

204 1281 362 1371 paulatim
392 1282 490 1346 etiam
522 1285 647 1366 praetor
677 1284 823 1366 proprius
854 1287 1026 1366 crearetur,
1058 1285 1114 1367 qui
1135 1281 1392 1348 fideicommissis

204 1391 256 1456 ius
279 1387 412 1464 diceret,
437 1406 534 1471 quem
557 1385 887 1455 fideicommissarinm
908 1387 1121 1473 appellabant.

252 1491 298 1561 ln
323 1490 446 1589 primis
471 1490 579 1588 igitur
604 1489 786 1562 seicndum
801 1501 855 1563 est
873 1517 960 1590 opus
979 1518 1068 1587 esse,
1086 1503 1125 1563 ut
1142 1491 1270 1590 aliquis
1288 1504 1394 1565 rectos

202 1607 276 1678 iure
309 1615 520 1680 testamento
549 1603 652 1676 heres
677 1605 880 1676 instituatur
908 1607 1052 1702 eiusque
1076 1605 1161 1676 fidei
1186 1609 1380 1678 committa·

201 1731 278 1813 tur,
305 1729 342 1789 ut
366 1744 443 1789 eam
468 1716 700 1788 hereditatem
723 1717 784 1788 alii
807 1720 986 1790 restituat:
1008 1718 1166 1817 alioquin
1187 1719 1312 1790 inutile
1333 1730 1378 1791 est

201 1841 470 1924 testamentum,
503 1832 540 1900 in
566 1856 637 1928 quo
660 1855 765 1902 neme
790 1829 894 1902 heres
919 1833 1120 1905 instituitur.
1174 1857 1254 1904 enm
1280 1835 1379 1932 igitur

200 1943 327 2040 aliquis
357 1943 557 2038 scripserit:
585 1942 736 2013 ‘Lucius
760 1943 880 2014 'fitius
905 1942 1008 2015 heres
1032 1945 1130 2039 esto',
1151 1947 1283 2042 poterit
1307 1945 1378 2016 adi·

203 2073 303 2127 cere:
329 2059 431 2154 ‘rogo
456 2066 511 2148 te,
537 2054 629 2124 Luci
654 2054 751 2150 Titi,
775 2066 835 2148 ut,
861 2057 1113 2153 cumprimum
1139 2059 1255 2155 possis
1282 2058 1379 2130 here·

199 2169 345 2239 (litatem
381 2194 496 2239 meam
529 2165 646 2260 adire,
681 2193 757 2238 eam
793 2165 886 2238 Gaio
923 2167 1008 2241 Seio
1043 2170 1171 2243 reddas
1200 2174 1378 2268 restituas’,

198 2292 316 2378 potest
354 2291 470 2352 autem
505 2282 654 2378 quisque
691 2292 726 2352 et
759 2280 802 2352 de
838 2292 937 2379 parto
968 2283 1185 2356 restituenda
1220 2285 1379 2358 heredem

200 2418 344 2493 rogare:
369 2404 405 2464 et
426 2392 577 2463 liberum
602 2392 738 2465 est‘vel
762 2420 848 2491 pure
874 2395 930 2466 vel
955 2396 1021 2466 sub
1043 2396 1255 2470 condicione
1276 2399 1379 2470 relin-

200 2533 307 2605 quere
332 2506 644 2578 fideicommissum
671 2506 725 2577 vel
751 2532 794 2577 ex
819 2506 876 2578 die
903 2519 1011 2584 certo.

248 2621 426 2690 Restituta
451 2629 567 2689 autem
588 2618 783 2690 hereditate
805 2620 834 2690 is
854 2621 997 2718 quidem
1019 2623 1079 2720 qui
1102 2626 1254 2699 restituit
1277 2625 1396 2700 nihilne

201 2733 317 2802 minus
353 2729 456 2801 heres
491 2743 690 2829 permanet:
727 2734 757 2802 is
790 2758 875 2803 vero
910 2735 970 2831 qui
1002 2738 1128 2835 recipit
1153 2737 1378 2811 hereditatem

200 2843 391 2944 aliquando
417 2842 557 2916 heredis
582 2844 774 2942 aliquando
798 2845 961 2944 legatarii
987 2847 1068 2921 loco
1093 2851 1282 2920 habebatur.
