2894 4616
205 42 273 113 402
587 57 669 108 rrsr.
693 39 839 123 Iit-vm.
862 36 880 124 t
904 33 1002 105 5-7.

200 231 264 304 illo
296 231 422 328 incipit
455 231 548 302 actio
585 255 682 320 esse,
707 241 767 300 aut
794 231 824 302 si
848 227 1083 300 manumissus
1109 224 1228 315 firerit,
1256 223 1364 295 directo

201 348 277 444 ipse
313 355 452 417 tenetur
489 355 524 415 et
560 345 776 442 extinguitur
815 368 928 415 noxae
967 339 1113 412 deditio.
1173 366 1215 412 ex
1253 336 1366 410 diverso

205 485 345 559 quoque
380 456 514 529 directa
548 458 641 528 actio
679 457 817 528 noxalis
851 483 928 530 esse
958 455 1102 552 incipit:
1133 481 1213 524 nam
1243 453 1272 550 si
1299 451 1368 522 liber

201 572 308 644 homo
343 573 482 642 noxiam
517 570 734 642 commiserit
759 583 794 642 et
819 573 850 642 is
878 597 999 642 servus
1029 580 1110 640 tuus
1135 595 1211 640 esse
1237 569 1369 662 coeperit

207 684 362 783 -quod
383 683 522 756 casibus
544 681 756 781 quibusdam
771 683 862 756 effici
875 685 989 780 primo
1000 681 1093 753 libro
1107 680 1329 768 tradidimus,
1338 723 1370 732 -

203 800 328 896 incipit
358 810 474 870 tecum
502 822 579 868 esse
600 797 738 868 noxalis
760 799 871 891 actio,
891 823 981 895 quae
1002 809 1083 868 ante
1105 794 1239 866 directa
1262 795 1371 866 fuisset.

203 913 245 986 Si
279 937 401 984 servus
431 897 577 982 domino
602 911 742 981 noxiam
769 913 1001 1002 commiserit,
1027 911 1120 981 actio
1146 908 1246 981 nulla
1272 907 1391 978 nasci-e

203 1039 280 1098 tur:
309 1050 460 1122 namque
486 1026 580 1095 inter
605 1023 787 1094 dominum
813 1035 849 1096 et
873 1051 952 1095 eum
979 1025 1102 1122 quiin
1128 1024 1203 1093 eius
1224 1032 1372 1118 potestate

205 1150 260 1210 est
284 1137 380 1209 nulla
407 1136 577 1235 obligatio
604 1139 703 1208 nasei
728 1149 854 1233 potest.
895 1138 1045 1235 ideoque
1071 1147 1106 1207 et
1131 1136 1161 1206 si
1186 1136 1223 1205 in
1247 1133 1374 1204 alienam

205 1260 413 1349 potestatem
441 1276 562 1320 servus
586 1251 786 1346 pervenerit
810 1262 870 1323 aut
895 1251 1128 1321 manumissus
1145 1249 1374 1343 licerit,neque

206 1392 285 1438 cum
312 1366 389 1460 ipso
416 1389 532 1460 neque
559 1389 639 1434 eum
667 1389 731 1457 eo,
758 1366 857 1435 euius
883 1390 976 1435 nunc
1003 1365 1039 1433 in
1064 1371 1236 1459 potestate
1256 1363 1317 1446 sit,
1336 1361 1376 1455 agi

205 1487 332 1575 potest.
384 1475 480 1546 unde
503 1476 532 1546 si
558 1475 694 1546 alienus
720 1503 844 1548 servus
869 1479 1011 1548 noxiam
1037 1474 1100 1546 tibi
1127 1475 1339 1546 commiserit
1355 1482 1377 1540 et

208 1593 238 1661 is
269 1602 392 1687 postea
425 1591 462 1659 in
487 1599 660 1687 potestate
685 1601 744 1662 tua
770 1617 847 1662 esse
875 1591 1054 1687 coeperit,
1081 1587 1266 1659 intercidit
1290 1586 1376 1670 actio,

209 1705 290 1802 quia
325 1706 362 1774 iu
393 1730 472 1774 eum
507 1729 627 1773 casum
657 1702 809 1776 deducta
844 1706 912 1790 sit,
943 1706 979 1774 in
1013 1731 1083 1802 quo
1104 1701 1304 1774 consistere
1327 1725 1376 1768 nor

209 1819 342 1915 potuit:
376 1814 526 1913 ideoque
559 1814 644 1888 licet
668 1819 791 1889 exierit
815 1816 860 1888 de
885 1829 944 1889 tua
969 1827 1161 1915 potestate,
1189 1840 1298 1911 agere
1325 1839 1376 1880 non

212 1941 329 2027 potes,
355 1938 624 2022 quemadmodum
644 1941 670 2002 si
692 1939 840 2004 dominus
860 1943 893 2004 in
913 1961 1042 2006 servum
1062 1959 1156 2003 suum
1178 1935 1301 2021 aliquid
1317 1956 1377 2000 con-

210 2045 354 2127 miserit,
387 2063 443 2108 nec
476 2045 503 2107 si
532 2047 748 2111 manumissus
771 2045 823 2112 vel
846 2045 1003 2111 alienatus
1025 2046 1123 2110 fuant
1147 2065 1277 2120 servus,
1301 2041 1377 2106 ullam

211 2152 368 2214 actionem
400 2154 508 2214 contra
538 2149 703 2215 dominum
736 2153 851 2218 habere
876 2158 989 2238 potest.
1038 2153 1100 2218 Sed
1123 2157 1249 2216 veteres
1274 2149 1395 2234 quiden:

209 2257 288 2321 haec
313 2261 344 2320 et
367 2257 402 2318 in
427 2253 503 2319 filiis
526 2255 665 2322 familias
688 2258 841 2324 masculis
864 2263 896 2324 et
920 2259 1048 2324 feminis
1071 2258 1281 2323 admiserunt.
1318 2271 1377 2318 nora

211 2366 320 2426 autem
351 2361 520 2426 hominum
551 2368 747 2429 conversatio
786 2365 971 2430 huiusmodi
1003 2367 1208 2450 asperitatem
1241 2367 1321 2426 recte
1345 2379 1376 2421 re·

212 2468 385 2553 spuendam
420 2487 487 2532 esec
522 2469 721 2534 existimavit
756 2474 789 2534 et
813 2459 862 2535 ¹ab
894 2491 954 2536 usu
986 2473 1151 2536 communi
1173 2470 1255 2533 haec
1277 2468 1377 2552 penitus

212 2575 356 2665 recessit:
388 2575 460 2657 quis
491 2575 577 2638 enim
609 2577 731 2660 petitur
761 2575 865 2642 filium
895 2596 988 2642 snum
1021 2586 1053 2642 et
1076 2577 1220 2641 maxime
1246 2572 1375 2637 filiamin

213 2701 330 2746 noxam
361 2679 416 2746 alii
440 2681 532 2759 dare,
557 2686 595 2746 ut
616 2703 696 2767 pene
719 2703 775 2768 per
799 2701 911 2768 corpus
935 2688 1024 2768 pater
1047 2683 1168 2770 magis,
1196 2701 1293 2767 quem
1314 2677 1375 2741 filius

213 2785 427 2872 periclitetur,
463 2807 537 2852 cum
571 2789 605 2852 in
636 2787 763 2855 filiabus
794 2793 893 2855 etiam
923 2790 1096 2875 pudicitiae
1126 2789 1219 2853 favor
1242 2786 1375 2852 hecbere

214 2889 375 2958 excludit?
399 2897 431 2958 ct
452 2893 524 2960 ideo
547 2894 670 2981 placuit
689 2898 721 2960 in
746 2915 852 2961 servos
871 2896 1095 2963 tantummodo
1114 2893 1248 2960 noxales
1266 2894 1375 2958 actiones
1414 2890 1415 2895 ’

215 3021 281 3066 csse
310 2999 546 3086 proponendas,
581 3020 655 3067 cum
680 3001 763 3087 apud
786 3007 909 3068 veteres
932 3001 1044 3088 legum
1067 3005 1326 3067 commentatores
1344 2997 1375 3057 in-

212 3108 360 3204 venimus
390 3110 515 3193 saepius
546 3108 666 3174 dictum
699 3111 784 3194 ipsos
815 3107 898 3175 filios
928 3109 1068 3175 familias
1098 3127 1155 3195 pro
1187 3107 1255 3172 suis
1277 3101 1374 3169 delictis

214 3233 304 3302 posse
328 3215 500 3283 conveniri.
