3024 4574
550 40 605 88 err
616 13 643 88 1.
654 23 690 108 ᾖ)
702 20 846 88 12-18.

21 211 71 301 i2)
104 212 230 277 Rursus
250 209 474 277 libertinorum
489 207 565 294 “)Η·
587 232 720 286 numero
744 215 837 288 sunt,
858 210 897 276 de
914 210 1029 295 quibus
1042 209 1178 298 singulis
1190 209 1286 294 dispi-
1309 231 1323 274 r

109 321 243 384 ciamus.
291 319 338 382 Ac
360 314 458 412 prius}
485 317 524 382 de
549 318 735 402 [de]diticiis
748 317 785 400 ²).
1311 335 1326 381 a

20 421 72 512 d3)
143 423 241 510 'Lege
270 425 379 508 itaque
408 421 501 488 Aelia
531 421 641 489 Sentis
675 419 835 514 calvetur,
859 428 896 487 ut
922 425 978 508 qui
1001 423 1086 488 servi
1108 443 1127 487 a
1151 420 1325 486 dominice

21 549 23 592 ι
106 549 227 614 poenae
254 529 383 593 nomine
413 530 515 594 vincti
545 530 640 608 sinte
672 529 829 614 quibusve
852 530 1006 616 stigmata
1028 529 1180 613 inscripta
1202 528 1284 604 sint,
1309 545 1335 590 ιο

21 679 22 706 2
109 633 190 699 deve
213 633 329 718 quibus
352 633 392 698 ob
415 649 540 714 noxam!
567 637 710 721 quaestio
734 637 901 701 tormentis
924 634 1036 700 habita
1058 635 1116 711 sit,
1141 637 1173 698 et
1195 634 1230 697 in
1252 651 1289 698 ea
1313 652 1336 696 ιι

108 759 193 804 noxa
215 737 312 804 fuisse
336 741 481 818 conrilcti
500 741 582 824 sint,
604 743 700 827 quive
713 740 750 824 ³),
769 743 830 824 [ct]
848 744 904 806 aut
925 740 1007 806 ferre
1024 743 1080 804 aut
1092 760 1167 803 cum
1178 738 1289 803 bestiis
1312 757 1339 802 ra

110 845 329 932 depugnarent
359 843 532 940 tralditi⁴),
565 847 640 911 iure
668 845 785 911 ludum
818 846 1039 932 custodiamve‘
1064 845 1199 911 coniecti
1220 843 1287 909 fue·
1310 863 1336 909 re

42 961 44 966 ’
109 951 204 1054 rint!
234 955 267 1014 et
288 955 397 1035 postea
420 949 473 1017 rel
496 951 535 1016 ab
559 972 595 1016 eo
617 953 764 1030 domino,
784 950 837 1018 vel
857 951 895 1017 ab
910 950 973 1017 alio
986 952 1175 1016 manumissi
1187 949 1288 1034 [rict],
1311 969 1337 1014 ιι

21 1113 23 1124 ,
111 1054 264 1140 eiusdemi
299 1057 490 1122 condicionis
520 1055 615 1122 liberi
641 1055 737 1134 fiant,
762 1059 853 1124 cuius
876 1057 1068 1123 condicionis
1091 1052 1173 1140 sunt!
1199 1075 1286 1142 pere·
1308 1076 1343 1133 rs,
1357 1075 1383 1119 re

111 1163 199 1249 grini
222 1161 367 1227 dediticii
378 1163 417 1246 ⁵).

21 1266 73 1357 514)
157 1265 317 1334 Vocantur
339 1273 449 1333 autem
467 1271 627 1357 peregrini
647 1267 800 1352 dediticii!
815 1269 866 1348 hi,
881 1270 953 1356 qui,
968 1268 1126 1354 quondam
1138 1267 1289 1333 adversus
1312 1286 1338 1331 rr

109 1373 267 1460 populum
288 1373 470 1440 Romanurn
493 1372 600 1451 armis!
625 1379 780 1462 susceptis
793 1375 831 1463 ⁰),
856 1376 936 1441 victi
959 1395 992 1440 se
1015 1373 1223 1440 tradiderunt.
1313 1392 1349 1438 rs.

157 1477 273 1551 Huius!
300 1500 376 1567 ergo
396 1481 606 1566 turpitudinis
625 1501 732 1548 servos
753 1501 940 1567 quocunque
959 1479 1054 1546 modo
1067 1484 1099 1545 et
1111 1481 1291 1544 cuiuscum-
1314 1497 1340 1542 re

111 1593 182 1671 quet
208 1587 323 1650 aetatis
349 1587 580 1670 manumissos,
611 1589 679 1652 etsi¹
701 1585 794 1672 pleno
819 1588 888 1650 iure
912 1586 1116 1651 dominorum
1139 1584 1286 1662 interint,
1310 1602 1383 1660 acar

21 1745 23 1774 p
109 1710 291 1776 numquam
310 1693 366 1756 aut
385 1693 471 1756 cives
489 1690 650 1757 Romanos
669 1696 725 1758 aut
744 1691 861 1758 latinos
872 1689 940 1757 fieri
953 1691 1113 1767 dicemus,
1127 1688 1183 1755 sed
1195 1690 1293 1789 omnip

28 1794 78 1885 16)
114 1796 210 1861 modo
234 1795 459 1861 dediticiorum
481 1805 614 1863 numero
638 1799 790 1864 constitui
812 1789 1058 1884 intellelgemus.
1102 1793 1138 1862 Si
1160 1796 1289 1862 veroin
1311 1814 1386 1871 aaa

111 1900 203 1966 nuila
234 1899 294 1966 tali
325 1902 525 1986 turpitudine
555 1904 598 1967 sit
629 1915 767 1984 servum!
799 1904 1035 1968 manumissum
1066 1901 1160 1967 modo
1186 1905 1292 1968 civem
1313 1921 1341 1966 ιι

28 2005 81 2096 17)
116 2007 303 2072 Romanum
325 2007 420 2072 modo
441 1997 597 2072 ¹Latinum
615 2006 764 2074 fieridiee
777 2013 795 2084 ΙΙ
809 2029 892 2074 mus.
923 2007 1298 2094 Nemineniuspersona
1366 2003 1387 2068 4

113 2115 178 2178 tria
208 2113 286 2178 haee
313 2112 534 2200 concurrent⁷)‚
568 2118 606 2179 nt
634 2111 748 2200 melior
777 2117 821 2180 sit
846 2135 1002 2181 annorum
1025 2115 1175 2202 triginta,
1201 2116 1233 2178 et
1256 2133 1295 2178 ex
1317 2133 1331 2178 a
1352 2095 1434 2178 W)

114 2221 186 2284 inre
216 2219 386 2304 quiritium
417 2218 568 2308 detmini,
593 2223 626 2284 et
645 2223 731 2287 insta
754 2241 790 2286 ac
812 2220 963 2308 legitima
984 2221 1233 2285 manumissione
1256 2216 1331 2284 iia

113 2326 271 2410 heretum!
288 2325 322 2389 id
340 2328 388 2389 est
399 2325 558 2403 vindicta,
571 2331 628 2391 aut
639 2347 745 2404 censu,
758 2330 814 2392 aut
828 2331 1036 2412 testament0,
1048 2327 1076 2391 is
1088 2327 1167 2392 ciris
1178 2324 1293 2390 Roma
1317 2344 1331 2388 ι

21 2429 78 2518 ild)
112 2452 175 2497 nus
196 2429 267 2514 fiet,
291 2431 351 2527 sin!
376 2450 451 2495 vero
473 2429 595 2516 aliquid
616 2452 727 2501 eorum
751 2431 867 2510 deerit,
890 2431 1024 2497 Latinus
1046 2432 1127 2530 erit!
1141 2431 1167 2515 8)
1204 2429 1295 2510 Quod
1317 2451 1381 2514 aa
1427 2485 1430 2494 .

21 2523 23 2594 Ϊ
115 2542 225 2604 autem
253 2536 292 2602 de
311 2540 414 2601 aetate
433 2539 516 2602 servi
537 2540 727 2623 requiritur,
747 2537 820 2626 lege
839 2537 933 2604 Aelia
947 2535 1058 2602 Sentie
1070 2535 1300 2627 inltroduetnm
1321 2557 1335 2602 r

115 2647 180 2721 est;
205 2663 282 2707 nam
303 2661 339 2706 ea
357 2640 410 2706 lex
427 2644 566 2708 minores
584 2642 682 2708 XXX
702 2664 857 2710 annorum
875 2662 984 2729 servos
996 2642 1068 2728 non}
1086 2641 1178 2707 aliter
1192 2641 1296 2708 voluit
1318 2664 1332 2709 c

113 2749 329 2814 manumissos
352 2750 437 2814 cives
456 2748 615 2816 Romanos
633 2749 718 2829 fieri,
741 2771 839 2837 quam
859 2753 887 2816 si
907 2750 1076 2846 vinditeta,
1097 2747 1181 2834 apud
1199 2750 1298 2814 consi·
1313 2769 1334 2814 to

149 3019 177 3090 1)
199 3017 267 3090 [trie
289 3020 356 3073 suut
379 3035 496 3091 genera:
516 3036 582 3074 nam
602 3021 653 3075 aut
672 3019 744 3075 cives
763 3020 897 3087 Romani,
916 3023 967 3076 eut
984 3019 1068 3076 latini
1087 3022 1137 3076 aut
1155 3019 1301 3077 dediticio-

107 3110 186 3179 rum]
206 3107 242 3162 ad
261 3107 337 3178 Epit.
359 3110 383 3165 1.
404 3109 429 3163 1.
450 3109 659 3184 accommodata
677 3109 787 3165 addidit
805 3109 942 3166 Gtseheu.
1003 3137 1005 3142 ·

149 3199 178 3270 2)
198 3197 267 3268 (IIII
287 3198 321 3253 de
340 3196 479 3254 dediticiis
499 3208 516 3253 v
535 3199 611 3271 leges
630 3197 665 3253 A.
685 3196 724 3267 S.)
744 3199 774 3254 G.

147 3287 178 3362 3)
197 3287 302 3358 quique
328 3287 358 3344 0.
384 3290 415 3344 et
439 3287 503 3345 edd.
522 3288 703 3358 praeteriit.
724 3289 749 3344 1.
770 3291 800 3344 et
817 3289 854 3344 H.
874 3319 910 3334 -
930 3289 1000 3344 Edd.
1020 3301 1067 3346 out
1085 3293 1268 3347 mutaverunt

107 3377 141 3432 in
159 3387 197 3432 ut.

148 3467 178 3539 4)
197 3454 297 3541 (crint).

148 3557 179 3628 5)
198 3555 237 3627 (V
256 3555 290 3612 de
310 3555 462 3628 peregrinis
482 3556 643 3629 dediticiis.)

109 3682 111 3690 ι
149 3647 179 3717 6)
198 3646 408 3723 (pugnauerunt
426 3646 472 3702 dd.
491 3646 607 3716 (litteris
626 3657 650 3702 et
667 3647 772 3702 lineola
790 3645 942 3719 inductis))
963 3647 993 3703 O.

21 3807 22 3812 ἵ
149 3737 180 3806 ἵ)
206 3738 295 3801 >curi
320 3737 370 3807 (ε.-
394 3737 573 3808 concurrunt)
599 3736 628 3791 0.
654 3739 687 3792 ut
711 3755 737 3792 r.
763 3737 779 3790 5
805 3738 847 3792 fit.
884 3735 939 3792 Sed
963 3738 993 3793 in
1012 3737 1128 3795 caeteris
1147 3737 1231 3793 huius
1249 3737 1306 3794 loci

21 3827 22 3898 ξ
110 3823 202 3880 icturi
220 3825 325 3881 formae
344 3828 418 3882 recte
438 3828 564 3882 servatae
583 3827 657 3881 sunt

151 3915 181 3986 8)
199 3915 390 3972 interlinearis
408 3917 541 3972 Robrica:
561 3916 617 3972 VII
636 3915 673 3989 (i)
693 3916 727 3971 de
746 3915 875 3972 mmuei'r
895 3933 956 3972 csae
966 3919 1082 4002 pba>ne
1099 3917 1191 3988 (=de
1207 3935 1307 3973 manu-
1429 3951 1433 3958 -

21 4007 23 4016 “
111 4004 244 4062 missione
262 4006 307 4063 rel
326 4022 426 4062 causae
443 4005 628 4079 probatione).
