2880 4614
212 32 279 102 226
478 53 562 104 rusr.
586 33 642 102 III.
666 51 734 102 vm.
758 37 844 124 552,
860 37 891 104 8.
915 55 971 104 xu.
997 61 1045 125 pr.
1069 39 1132 124 51.

209 247 407 305 evanescere,
441 227 525 311 quod
554 231 585 291 et
607 224 730 291 Iuliano
754 231 786 290 et
808 225 880 290 aliis
904 226 1062 312 plerisque
1082 233 1193 295 visum
1216 236 1273 296 est.
1319 233 1395 298 Nece

206 334 352 417 interest,
376 337 567 397 testamento
590 335 661 418 quis
680 333 826 418 adsignet
845 353 886 396 an
900 336 968 398 sine
985 339 1194 401 testamento:
1217 338 1271 402 sed
1291 341 1378 403 etiam

207 439 459 524 quibuscumque
498 439 602 504 verbis
631 439 691 503 hoc
719 441 859 523 patronis
890 443 1089 524 permittitur
1119 442 1222 508 facere
1253 465 1293 508 ex
1318 447 1378 528 ipso

210 544 520 621 senatusconsulto,
544 544 628 628 quod
652 541 836 610 Claudianis
860 547 1055 630 temporibus
1078 548 1200 614 factum
1224 555 1272 614 est
1289 548 1380 614 Suillo

206 649 291 715 Rufo
315 655 347 714 et
370 649 494 715 Ostorio
518 648 655 735 Scapula
678 652 871 715 consulibus.

741 853 855 940 xu1).

198 1025 248 1087 DE
270 1023 580 1084 SUCCESSIONIBUS
600 1020 795 1098 SUBLATIS,
814 1023 914 1093 QUAE
933 1025 1074 1084 FIEBAN
1080 1027 1102 1084 T
1118 1029 1191 1086 PER
1209 1027 1386 1087 BONORUM
1438 1017 1439 1024 ἵ

217 1209 218 1213 ¹
267 1119 538 1183 VENDITIONEM
558 1119 605 1176 ΕΤ
626 1119 676 1177 EX
694 1117 862 1178 SENATUS
880 1121 1073 1179 CONSULTO
1094 1123 1324 1182 CLAUDIANO.

250 1283 350 1350 Erant
379 1287 451 1347 ante
481 1282 675 1367 praedictam
707 1285 936 1348 successionem
968 1283 1047 1350 olim
1079 1291 1110 1349 et
1134 1283 1215 1348 aliae
1237 1305 1294 1368 per
1318 1287 1382 1348 uni·

204 1392 388 1458 versitatem
419 1390 637 1453 successiones.
686 1389 789 1473 qualis
819 1389 924 1454 fuerat
954 1390 1107 1457 bonorum
1138 1393 1279 1475 emptio,
1309 1412 1384 1475 quae

203 1499 243 1563 de
271 1497 363 1561 bonis
393 1495 543 1560 debitoris
573 1494 746 1561 vendendis
769 1516 825 1579 per
847 1495 966 1562 multae
990 1497 1140 1583 ambages
1163 1496 1268 1562 fuerat
1288 1498 1382 1560 intro

202 1605 299 1669 ducta
328 1607 361 1666 et
391 1606 467 1666 tuno
490 1600 596 1666 locum
619 1600 773 1677 habebat,
798 1601 922 1684 quando
945 1601 1064 1666 iudicia
1087 1602 1244 1666 ordinaria
1266 1605 1301 1664 in
1326 1623 1382 1666 usu

201 1710 347 1773 luerunt:
384 1707 438 1771 sed
472 1728 545 1771 cum
579 1706 835 1771 extraordinariis
869 1707 998 1772 iudiciis
1032 1710 1200 1791 posteritas
1229 1729 1287 1772 usa
1320 1713 1380 1784 est,

199 1816 270 1880 ideo
306 1835 379 1878 cum
414 1815 493 1897 ipsis
524 1812 691 1877 ordinariis
724 1813 854 1876 iudiciis
883 1816 981 1878 etism
1005 1814 1160 1879 bonorum
1183 1815 1380 1880 venditiones

200 1922 440 2005 exspiraverunt
470 1923 503 1983 et
534 1919 757 1984 tantummodo
789 1919 998 1985 creditoribus
1026 1919 1121 1985 datur
1142 1919 1244 1986 officio
1268 1921 1380 1986 iudicis

199 2027 281 2091 bona
311 2025 471 2111 possidere
504 2029 536 2088 et
569 2031 664 2110 prout
692 2028 737 2089 eis
768 2025 849 2089 utile
880 2029 985 2091 visum
1018 2027 1115 2091 fuerit
1137 2049 1174 2092 ea
1197 2027 1376 2110 disponere,

200 2133 283 2219 quod
306 2154 345 2197 ex
367 2130 535 2196 latioribus
558 2129 755 2217 digestorum
779 2131 870 2196 libris
893 2133 1063 2217 perfectius
1087 2133 1260 2219 apparebit.
1306 2133 1397 2198 Ereti

198 2242 230 2304 et
262 2260 300 2304 ex
332 2234 624 2303 senatusconsulto
648 2234 823 2302 Claudiano
845 2237 1039 2303 miserabilis
1062 2259 1118 2324 per
1137 2240 1379 2304 universitatem

197 2344 384 2429 adquisiti0,
420 2364 493 2408 cum
531 2342 632 2408 libera
665 2344 783 2408 mulier
815 2345 925 2411 servili
955 2365 1063 2410 amore
1093 2344 1246 2410 bacchata
1276 2348 1379 2430 ipsam

195 2448 379 2515 libertatem
412 2468 469 2533 per
503 2455 630 2513 senatus
664 2449 846 2514 consultum
880 2453 1050 2516 amittebat
1080 2457 1112 2516 et
1135 2471 1210 2515 cum
1233 2452 1380 2516 libertate

195 2556 426 2621 substantiam:
451 2555 535 2640 quod
557 2555 730 2642 indignum
752 2559 868 2622 nostris
893 2558 1088 2644 temporibus
1108 2578 1174 2622 esse
1194 2559 1377 2622 existimau-

194 2669 243 2726 tes
278 2667 310 2726 et
345 2682 363 2727 a
394 2665 501 2726 nostra
531 2663 662 2727 civitate
693 2661 791 2727 deleri
823 2669 855 2728 et
882 2685 945 2729 non
975 2667 1072 2729 inseri
1099 2666 1214 2730 nostris
1245 2664 1376 2750 digestis

195 2769 416 2832 concessimus.

168 3523 409 3538 ῧ-...ψ--ι-ο-ᾱ

221 3652 349 3722 1)Hunc
374 3649 505 3715 titulum,
531 3649 597 3719 quia
621 3650 734 3719 respicit
760 3647 819 3703 eius
843 3647 1011 3718 principium
1036 3649 1089 3704 Gai
1114 3654 1148 3720 ἕξ
1161 3649 1195 3704 77
1221 3669 1291 3722 sqq,
1312 3655 1373 3706 ante

181 3743 237 3796 Tit.
259 3741 285 3794 X
304 3742 334 3793 et
352 3739 391 3792 XI
411 3738 500 3804 edidi,
522 3757 585 3792 cum
605 3742 636 3793 et
654 3739 709 3792 Tit.
730 3740 755 3792 X
773 3739 923 3808 respiceret
942 3738 994 3792 Cei
1013 3743 1047 3808 βξ
1059 3741 1094 3792 82
1114 3759 1173 3809 sqq.
1192 3742 1292 3810 bisque
1311 3757 1371 3810 ergo

82 3834 87 3844 “
181 3828 360 3901 opponendus
385 3831 465 3881 esset.
506 3827 652 3882 Caeterum
680 3828 713 3882 de
737 3828 923 3897 adquisitione
949 3828 1100 3882 miserabili
1124 3846 1159 3883 ex
1179 3830 1257 3886 Sclto
1277 3831 1370 3885 Claud.

180 3921 265 3975 Gaius
291 3936 345 4000 non
365 3918 430 3987 egit.
468 3917 556 3983 Nam,
575 3917 864 3988 praeterquamquod
882 3917 994 3972 incivile
1014 3922 1088 3984 erat,
1107 3919 1165 3972 tale
1185 3920 1293 3990 aliquid
1314 3937 1369 3988 spe-

179 4028 252 4076 rare,
276 4008 354 4062 nullo
378 4007 459 4061 modo
484 4005 630 4063 differebat
653 4008 722 4060 haec
746 4007 893 4076 acquisitio
919 4007 955 4060 ab
978 4006 1161 4075 acquisitione
1179 4009 1283 4079 peculii
1304 4007 1368 4062 servi

178 4100 320 4169 cumipse
339 4114 432 4162 servo,
450 4095 499 4164 qui
519 4113 552 4150 ex
571 4097 628 4151 alia
648 4114 732 4151 cauea
750 4101 797 4167 (ex
815 4115 856 4166 gr.
877 4113 911 4151 ex
931 4095 1035 4167 empto)
1056 4097 1139 4152 alicui
1158 4099 1358 4167 acquirebatur.
