2934 4608
149 82 192 148 50
555 98 640 147 rusr.
663 78 786 144 il.v11.
810 75 879 162 52,
906 75 936 139 3.

195 271 295 340 Aliae
318 273 428 336 autem
459 270 650 340 donatores.
674 271 766 343 sunt,
800 287 880 350 quae
909 269 984 332 siae·
1006 261 1080 330 ullar
1104 261 1218 326 montis
1247 260 1354 345 cogi-a

150 379 277 448 tatione.
302 372 406 451 fiunt„
432 394 516 459 quas
540 378 629 444 inter
645 376 736 440 rivos
759 371 967 458 appellamus.
1015 387 1095 454 quae
1118 367 1248 430 omnino
1270 384 1338 428 11011

151 483 380 565 comparantur
396 479 530 567 legatis:
555 499 634 564 quas
656 480 684 542 si
708 479 833 548 fuerint.
850 477 1024 563 perfectae,
1047 479 1168 540 temere
1194 471 1337 536 revocari

152 608 225 658 non.
247 590 398 676 possunt.
432 583 639 671 perficiuntur
669 589 809 664 ausam,
826 604 903 651 cum
924 582 1056 648 donator
1076 599 1172 646 suam.
1192 575 1345 642 volunta

155 697 222 758 tem
254 693 381 776 scriptis
411 696 467 756 aut
497 693 564 756 sinc
588 693 714 775 scriptis
737 689 1009 758 manifestaveris:
1034 691 1066 752 at
1089 685 1130 749 ad
1153 681 1340 767 exemplum

153 797 348 863 venditionis
378 801 486 862 nostra
517 798 704 861 const'tutio
735 816 786 860 eas
818 796 917 859 ctiam
948 795 982 857 in
1013 812 1046 856 se
1068 789 1184 855 habere
1206 787 1338 852 necessi-

154 907 257 967 tatem
285 902 465 967 traditionis
488 901 611 976 voluit,
636 907 691 978 ut,
716 906 749 966 et
772 903 800 965 si
821 920 884 964 non
907 897 1091 979 tradantur,
1114 894 1253 959 habeant
1274 891 1340 976 ple·

155 1009 328 1072 nissimum
351 1012 382 1071 et
405 1007 583 1091 perfectum
605 1006 701 1072 robur
724 1011 757 1071 et
780 1005 962 1069 traditionis
984 1003 1154 1066 necessitas
1172 997 1339 1063 incumbat

157 1112 312 1177 donatori.
360 1117 392 1178 et
424 1133 498 1177 cum
530 1117 614 1177 retro
645 1114 826 1197 principum
857 1110 1079 1196 dispositiones
1106 1106 1262 1171 insinuari
1290 1122 1342 1167 eas

159 1219 238 1282 actis
269 1217 554 1284 intervenientibus
584 1217 748 1288 volebant,
775 1219 803 1280 si
826 1217 962 1280 maiores
985 1214 1196 1278 ducentorum
1218 1209 1344 1273 fucrant

160 1322 353 1400 solidorum,
383 1328 491 1388 nostra
523 1325 707 1387 constitutio
738 1327 770 1387 et
804 1323 1018 1406 quantitatem
1048 1339 1149 1402 usque
1179 1318 1220 1380 ad
1254 1315 1344 1399 quin·

160 1432 273 1515 gentos
305 1428 421 1494 solidos
451 1427 639 1513 ampliavit,
672 1448 769 1512 quam
792 1420 875 1492 st'are
899 1432 931 1490 et
954 1427 1023 1490 sine
1044 1424 1258 1488 insinuatione
1283 1424 1346 1484 sta·

161 1535 244 1608 tuit,
277 1536 309 1596 et
338 1533 492 1617 quasdam
523 1534 707 1599 donationes
735 1534 875 1616 invenit,
907 1551 987 1616 quae
1009 1531 1137 1615 penitus
1159 1526 1346 1591 insinuatio

161 1658 237 1702 nem
271 1636 341 1704 fieri
374 1641 511 1703 minime
542 1639 738 1714 desiderant,
770 1637 824 1702 sed
855 1639 891 1700 in
922 1656 955 1700 se
983 1635 1206 1720 plenissimam
1228 1633 1349 1698 habent

163 1740 362 1808 firmitatem.
409 1742 472 1808 alia
501 1745 631 1829 insuper
659 1743 765 1808 multa
790 1743 830 1808 ad
861 1742 1041 1807 uberiorem
1064 1741 1189 1805 exitum
1212 1737 1354 1804 donatio

163 1868 244 1911 num
266 1850 474 1936 invenimus,
507 1869 587 1933 quae
615 1852 723 1914 omnia
746 1869 784 1913 ex
805 1850 922 1914 nostris
945 1847 1245 1922 constitutionibus,
1271 1863 1349 1929 quas

163 1971 258 2036 super
290 1952 342 2016 his
375 1955 561 2038 posuimus,
597 1953 777 2042 colligenda
811 1959 896 2018 sunt.
944 1952 1109 2018 sciendum
1143 1957 1253 2016 tamen
1283 1953 1331 2014 est
1338 1969 1348 2028 ;

164 2056 266 2140 qnod,
298 2059 359 2121 etsi
388 2056 592 2142 plenissimae
622 2061 687 2124 sint
716 2060 918 2136 donationes,
952 2063 1060 2123 tamen
1084 2059 1112 2121 si
1135 2059 1256 2144 ingrati
1279 2057 1345 2122 exi·

166 2164 252 2224 stant
282 2161 445 2240 homines,
476 2165 511 2248 in
542 2184 620 2248 quos
648 2163 839 2230 beneficium
867 2163 1021 2230 collatum
1051 2169 1112 2240 est,
1145 2162 1350 2228 donatoribus

166 2285 223 2350 per
253 2271 392 2332 nostram
430 2263 689 2335 constitutionem
723 2269 887 2335 licentiam
918 2270 1152 2355 praestavimus
1184 2270 1279 2333 certis
1312 2289 1351 2332 ex

168 2373 271 2435 causis
301 2391 353 2436 aas
384 2393 547 2440 revocare:
574 2397 631 2453 ns,
656 2377 712 2459 qui
734 2397 807 2440 suas
833 2395 883 2440 res
905 2377 941 2438 in
963 2374 1042 2439 alios
1065 2373 1286 2452 contulerunt,
1311 2372 1351 2438 ab

168 2476 219 2540 his
249 2477 410 2560 quandam
435 2482 599 2564 patiantur
628 2482 780 2545 iniuriam
803 2480 863 2546 vel'
878 2483 1053 2564 iacturam,
1078 2480 1253 2545 secundum
1275 2500 1350 2544 enu-

164 2587 302 2646 meratos
335 2585 386 2648 in·
399 2590 508 2650 nostra
542 2589 768 2652 constitutione
802 2585 923 2653 modos.
970 2584 1029 2650 Est
1062 2591 1094 2650 et
1129 2584 1217 2649 aliud
1248 2603 1372 2671 genuss

166 2687 251 2751 inter
282 2690 374 2753 vivos
409 2689 633 2766 donationum,
670 2692 754 2775 quod
787 2692 950 2758 veteribus
984 2690 1114 2776 quidem
1140 2688 1352 2774 prudentibus

165 2793 294 2874 penitus
324 2797 390 2857 erat
413 2796 632 2881 incognitum,
655 2802 764 2881 postca
787 2803 897 2862 autem
920 2816 940 2861 a
961 2796 1140 2861 iunioribus
1164 2795 1248 2861 divis
1267 2796 1351 2879 prin·

168 2896 293 2980 cipibus
323 2899 542 2964 introductum
574 2907 637 2978 est;
671 2903 755 2985 quod
783 2908 857 2968 ante
885 2903 1015 2987 nuptias
1045 2901 1220 2965 vocabatur
1250 2905 1283 2964 ct
1305 2904 1352 2964 ta

167 3002 266 3065 citam
293 3003 328 3066 in
361 3025 394 3068 se
426 3005 643 3072 condicionem
670 3007 825 3091 habebat,
853 3014 894 3071 ut
921 3013 997 3072 tunc
1020 3011 1128 3071 ratum
1151 3011 1251 3089 esset,
1277 3024 1351 3068 cum

169 3109 415 3172 matrimonium
451 3110 549 3174 fuerit
587 3113 785 3176 insecutum:
820 3113 955 3196 ideoque
984 3116 1057 3177 ante
1085 3113 1215 3195 nuptias
1246 3107 1352 3194 appel·

168 3210 311 3289 labatur,
345 3214 429 3298 quod
459 3219 532 3280 ante
559 3219 805 3282 matrimonium
828 3216 1023 3282 efficiebatur
1045 3221 1078 3282 et
1099 3236 1259 3300 nusquam
1281 3217 1353 3299 post

166 3319 297 3401 nuptias
330 3317 503 3386 celebratas
534 3321 609 3386 talis
641 3323 768 3388 donatio
798 3323 997 3407 procedebat.
1045 3321 1101 3387 sed
1133 3323 1258 3406 primus
1286 3320 1352 3403 qui·

168 3420 241 3486 dem
277 3423 372 3490 divus
406 3424 548 3491 Iustinus
581 3432 672 3511 pater
700 3434 823 3512 noster,
854 3449 930 3492 cum
960 3429 1072 3515 augeri
1103 3427 1192 3492 dotes
1225 3427 1351 3508 etpost
1448 3415 1449 3496 Q

167 3530 297 3611 nuptias
331 3530 435 3596 fuerat
470 3535 680 3617 permissum,
717 3537 745 3598 si
779 3533 857 3617 quid
887 3533 952 3599 tale
987 3534 1113 3608 evenit,
1148 3533 1246 3595 etiam
1278 3534 1352 3593 ants

165 3635 295 3734 nuptias
327 3634 529 3702 donationem
561 3641 674 3726 augeri
703 3645 736 3704 et
765 3644 928 3704 constante
957 3640 1164 3704 matrimonio
1195 3655 1252 3700 sua
1280 3655 1353 3700 con-

167 3739 336 3816 stitutione
366 3744 530 3825 permisit:
554 3743 609 3808 scd
631 3748 740 3808 tamen
764 3763 879 3808 nomen
902 3745 1125 3810 inconveniens
1147 3739 1351 3814 remanebat,

167 3861 242 3906 cum
276 3849 348 3910 ante
378 3849 506 3931 nuptias
538 3848 667 3932 quidem
695 3849 887 3924 vocabatur,
913 3854 984 3933 post-
1006 3851 1135 3933 nuptias
1157 3852 1266 3912 autem
1290 3843 1364 3909 talc'

168 3950 344 4034 accipiebat
375 3952 620 4017 incrementum.
668 3953 721 4017 sed
752 3974 808 4018 nos
839 3951 1025 4038 plenissimo
1055 3951 1112 4016 fini
1138 3951 1262 4017 tradere
1286 3970 1354 4014 san·

168 4055 289 4120 ctiones
321 4058 483 4141 cupientes
514 4062 546 4122 et
578 4059 801 4142 consequentia
827 4062 958 4125 nomina
978 4059 1073 4125 rebus
1096 4078 1162 4123 esse
1190 4056 1355 4122 studentes
