2964 4596
555 101 869 189 causata-14.
968 153 971 162 .
1284 95 1305 163 u

0 293 88 383 112)
170 294 333 375 Quaedam
357 298 519 379 praeterea
539 313 590 358 res
613 292 789 376 corporales
809 295 900 367 sunt,
922 292 927 375 1
948 289 1105 374 quaedam
1123 290 1347 372 incorpora-ra,
1360 305 1387 352 rr

0 435 8 476 ς
28 398 88 488 13)
126 397 184 465 les.
210 395 439 495 [Corporales
466 401 561 481 sunt]
580 397 659 475 hae,
677 393 1124 485 quaetangipossunt,relut
1143 395 1149 479 Ι
1169 392 1304 476 fundm,
1317 412 1343 457 ra

124 511 239 586 homo,
270 513 388 587 vestis,
420 530 553 586 aurum,
586 512 775 594 argentum,
807 513 839 573 et
870 507 1016 592 desitque
1039 506 1120 573 aliae
1144 527 1194 571 res
1215 507 1344 568 innuis

0 654 5 692 ,
29 615 91 700 14)
126 616 313 703 merabiles;
345 612 563 700 incorporales
589 621 671 681 suut
697 634 778 698 quae
798 613 804 700 Ι
824 603 916 700 tangi
938 633 1002 679 non
1024 616 1173 697 possunt,
1199 609 1344 695 queliaso

126 736 202 794 sunt
233 749 285 806 ea,
318 749 398 813 quae
429 728 498 792 iure
532 727 738 817 consilstunt,
768 726 851 819 sicut
881 723 1054 801 hereditas,
1087 723 1305 798 ususfructus,
1318 741 1343 785 ar

125 833 363 921 obligationes!
384 852 509 918 quoquo
545 832 641 897 modo
676 834 870 906 contractae3
908 850 965 897 nec
996 829 1036 894 ad
1066 849 1135 894 rem
1170 828 1346 912 pertinetur
1385 861 1388 868 ·
1475 829 1476 860 ¹

113 936 235 1036 [quod
264 938 299 1005 iu
326 934 528 1007 hereditate
547 961 604 1006 res
630 932 834 1032 corporales
861 929 1103 1034 continentur]
1119 931 1145 1016 ¹)
1168 938 1201 999 et
1215 920 1346 1016 fruto-aa

124 1043 199 1127 tus,
232 1053 288 1135 qui
316 1070 354 1115 ex
378 1049 476 1115 fundo
500 1050 721 1135 percipiuntur
743 1069 791 1111 rea
814 1046 990 1132 corporales
1014 1055 1118 1133 suni,
1140 1045 1146 1131 Ι
1166 1051 1199 1110 et
1222 1043 1345 1129 quoda

128 1181 168 1226 ex
197 1159 305 1246 aliqua
337 1158 531 1246 obligatione
564 1160 661 1229 nobis
695 1159 835 1228 debetur
861 1159 948 1223 etiam
961 1159 979 1242 11
992 1158 1181 1244 plerumque
1204 1174 1312 1241 corpo
1370 1151 1413 1222 57

123 1268 199 1340 rale
227 1279 281 1340 esi
304 1269 414 1340 veluti
436 1272 555 1338 fundus
577 1273 675 1364 homo
693 1269 855 1357 pecuinis:
875 1272 1132 1355 namipsumius
1145 1270 1312 1334 successio-
1335 1287 1349 1331 s
1378 1248 1447 1337 ⁶³³)

126 1387 178 1450 nis
201 1388 234 1450 et
256 1386 363 1470 ipsum
386 1387 438 1449 ius
460 1382 583 1477 utenldi
606 1384 732 1450 fruendi
763 1389 794 1450 at
824 1385 930 1468 ipsum
961 1384 1012 1448 ius
1035 1381 1241 1470 obligationis
1262 1383 1310 1444 in·
1332 1401 1346 1444 a

126 1476 301 1575 corporalis
322 1497 380 1556 est.
412 1490 534 1556 blodem
552 1509 686 1554 numero
703 1494 781 1554 sunt
792 1478 1099 1574 impraedictum}
1114 1487 1307 1552 urbanorum
1330 1505 1383 1571 aa

125 1600 160 1662 ei
183 1597 403 1687 rusticorum,
427 1619 518 1691 quae
544 1595 650 1664 etiam
677 1595 862 1664 servitutes
887 1602 1064 1663 vocantur
1077 1593 1116 1685 ²).

119 1895 218 1947 tamen
238 1910 320 1946 suurn
341 1891 474 1961 cuiusque
495 1890 647 1948 dominium
665 1890 774 1962 legibus
790 1892 819 1945 et
832 1889 956 1946 moribus
972 1890 1176 1961 quodammodo
1193 1893 1320 1952 sanctum

118 1985 151 2038 et
176 1981 338 2037 inviolabile
363 1981 534 2038 reddebatur
553 1985 583 2036 et
602 1983 700 2035 »bonas
718 1991 795 2051 pater
812 1979 953 2047 familias*
972 1979 996 2033 is
1014 1981 1184 2052 putabatur,
1204 1983 1321 2052 quirem

114 2073 283 2143 familiarem
312 2073 437 2143 eupator,
466 2073 517 2126 aut
546 2080 621 2126 certo
646 2087 698 2125 aon
726 2071 896 2124 deminuatur.
932 2069 1002 2124 Inda
1027 2071 1222 2125 acerbissimae
1249 2070 1317 2125 illae

120 2161 326 2233 exagitationas
351 2177 462 2226 aarum,
489 2161 537 2230 qui
562 2159 762 2230 patrimonium
782 2175 863 2213 suum
882 2157 1098 2229 dilapidasscnt3
1118 2158 1153 2214 cf.
1173 2161 1248 2215 inter
1267 2159 1323 2214 alia

118 2251 255 2308 festivum
282 2251 441 2325 exemplum
461 2250 517 2306 (lic.
537 2249 571 2305 da
591 2249 667 2304 Orat.
686 2250 728 2316 Il,
749 2250 793 2304 55.
812 2248 942 2318 idemque
961 2265 1012 2320 pro
1031 2249 1141 2305 Cluent.
1162 2250 1207 2305 51.
1226 2250 1321 2316 Quint.

121 2340 176 2409 VI,
203 2341 235 2409 3,
260 2340 307 2397 44.
335 2339 404 2396 Inde
430 2357 541 2411 quoqne
566 2339 636 2394 haec
662 2338 783 2394 formula
807 2339 1020 2409 interpretanda·
1043 2342 1102 2405 est,
1127 2356 1184 2408 qua
1210 2341 1323 2410 praetor

120 2429 247 2500 prodigis
271 2428 459 2486 interdicebat
483 2447 575 2485 rerum
601 2429 668 2482 fam.
688 2427 944 2494 administratione,
966 2445 1049 2498 quam
1069 2428 1218 2484 attulimus
1237 2429 1274 2484 ad
1292 2446 1320 2499 p.

120 2519 159 2572 53
182 2516 356 2588 deperditam
380 2517 446 2574 ch.
472 2519 537 2573 Ver.
574 2517 643 2572 Iuda
669 2517 753 2572 stiam
780 2517 920 2572 minorum
946 2519 1072 2574 curatela
1103 2517 1261 2584 descendit,
1288 2520 1322 2573 ut

120 2605 339 2678 significavimus
371 2607 408 2663 ad
440 2609 464 2662 1.
496 2605 592 2677 5192.
629 2605 698 2661 Inde
727 2605 846 2677 deniquo
874 2623 933 2673 res,
969 2607 1070 2678 quibus
1093 2607 1153 2663 vita
1176 2607 1323 2663 bominum

119 2694 251 2762 illorum,
276 2697 383 2752 rustica
408 2697 530 2762 scilicet,
556 2694 678 2750 maxime
702 2695 860 2762 nitebatur,
886 2713 942 2753 non
965 2696 1020 2751 nisi
1039 2696 1168 2754 sollemni
1186 2695 1323 2752 modoad

120 2785 195 2840 alios
213 2777 466 2852 transferebantur,
487 2789 573 2855 (nexu
593 2787 656 2854 aut)
676 2784 882 2855 mancipatione
901 2789 953 2842 aut
966 2803 1017 2858 par
1035 2787 1065 2841 in
1084 2788 1144 2842 iure
1160 2787 1322 2842 cessionem.

120 2874 228 2940 Quodsi
253 2876 308 2932 alic
336 2875 417 2934 modo
441 2879 522 2946 pater
547 2875 613 2932 iam.
632 2890 677 2930 ras
697 2891 761 2930 suas
779 2874 815 2930 ad
834 2873 922 2931 alium
941 2876 1031 2934 civem
1050 2877 1253 2943 transtulisset,
1272 2891 1324 2946 por

121 2963 270 3020 biennium
297 2967 341 3021 vel
365 2966 465 3022 saltam
491 2980 541 3034 per
561 2981 668 3020 annum
687 2981 776 3018 unum
794 2981 841 3020 eas
860 2965 1032 3021 revindicare
1050 2969 1164 3038 poterat
1182 2966 1230 3038 (cs.
1249 2965 1324 3020 inira

120 3054 200 3125 §.14⁶
218 3058 290 3126 aaa)

131 3137 137 3146 ’
162 3142 191 3213 1)
210 3141 291 3197 Falso
311 3141 425 3196 additur
443 3141 473 3196 in
493 3141 625 3214 aig.l.1.
646 3145 676 3197 at
694 3140 724 3196 in
742 3133 829 3200 ¹Instr
851 3144 963 3202 »nam”.

160 3233 189 3302 ⁸)
209 3248 290 3303 »pag
310 3231 430 3288 exterior
448 3230 610 3287 difficillime
627 3231 760 3304 legitur.”

164 3320 195 3392 2)
214 3320 270 3376 Vix
295 3319 381 3376 (laius
404 3337 517 3377 causam
543 3320 679 3389 nominis,
705 3319 728 3376 si
747 3321 841 3390 dedit,
860 3337 922 3378 sam
942 3323 1035 3389 dedit,
1055 3340 1140 3392 quarn
1160 3321 1235 3394 apud
1253 3322 1324 3377 lust.

119 3410 261 3466 habemus
287 3427 344 3480 seq.
365 3411 387 3466 t.
414 3413 471 3481 93,
491 3411 560 3468 licet
578 3412 652 3467 enim
670 3427 722 3482 per
741 3429 769 3468 se
788 3429 885 3468 verum
905 3413 957 3479 sit,
976 3412 1051 3483 quod
1069 3412 1110 3468 ibi
1128 3412 1246 3484 legitur,
1265 3427 1321 3467 non

122 3500 194 3556 satis
220 3502 316 3556 tamen
341 3504 472 3558 accurate
490 3505 535 3557 est
553 3501 670 3557 dictum.
709 3501 764 3558 Sed
782 3503 826 3556 ius
846 3502 1021 3572 praediorum
1041 3506 1084 3560 est
1102 3504 1147 3558 ius
1165 3504 1195 3558 in
1210 3503 1325 3575 praedio

118 3592 210 3646 aliem
229 3590 284 3646 civi
302 3591 442 3658 Romano,
462 3591 518 3663 (rel
538 3590 580 3657 ei,
599 3590 645 3650 cui
663 3591 859 3648 commercium
879 3592 976 3647 datum
997 3597 1069 3664 est‚)
1087 3592 1130 3648 ita
1148 3609 1325 3658 concessum,

120 3681 148 3736 si
167 3681 314 3751 praedium
332 3681 438 3737 babeat
456 3681 522 3736 huic
539 3681 679 3746 vicinum,
699 3681 745 3735 cui
763 3681 817 3737 hoc
835 3682 879 3736 ius
899 3682 1034 3752 acquirat.
1073 3685 1158 3738 Nulla
1177 3684 1244 3738 caim
1261 3684 1323 3736 iura

120 3780 173 3826 auc
191 3771 359 3841 vilicationes
384 3789 416 3826 es
440 3773 495 3842 leue
520 3772 705 3826 woremiam
728 3773 802 3842 apud
825 3771 973 3837 Rauracos,
999 3771 1050 3826 illa
1067 3771 1160 3828 vicino
1179 3788 1324 3838 concessa,

121 3861 179 3916 hae
207 3860 291 3916 alteri
319 3861 477 3932 impositae.
525 3860 578 3918 Sed
605 3859 635 3914 id
663 3859 744 3932 quasi
770 3859 940 3932 principium
968 3864 999 3918 et
1025 3862 1241 3918 fundamentum
1270 3859 1327 3916 fuit

121 3949 213 4006 totius
238 3967 336 4006 eorum
357 3951 426 4007 iuris
451 3949 566 4024 privati,
586 3961 615 4005 ut
634 3952 740 4022 pemque
757 3961 870 4008 atcrctm
888 3954 943 4006 auis
957 3970 1009 4023 pro
1027 3955 1090 4008 auia.
1127 3951 1208 4006 Hanc
1227 3954 1324 4006 tamen

121 4039 262 4097 rationem
298 4040 448 4112 aequitatis
476 4039 562 4100 ctiam
590 4039 634 4094 ins
663 4038 745 4096 ciuile
764 4057 906 4112 vasperum
934 4040 1007 4096 illud
1035 4044 1066 4097 et
1094 4041 1194 4095 durum
1224 4039 1325 4110 proba·

122 4128 183 4198 vit,
214 4134 263 4199 ut,
298 4131 322 4186 si
347 4133 440 4186 essent
468 4130 524 4186 duo
552 4129 667 4202 praedia
695 4130 797 4198 viduo,
826 4133 856 4186 et
884 4149 966 4187 cauca
993 4133 1142 4186 necessaria
1170 4137 1325 4201 mperes-ret,
