2880 4614
465 81 521 134 sn
543 61 602 133 ur.
628 62 868 154 ssrso-rro
977 39 981 47 ’
1127 56 1132 65 ·
1181 67 1249 138 ars

68 277 126 336 eo,
159 258 242 343 quod
272 258 409 324 alterum
442 257 534 324 alteri
565 279 604 323 ex
629 258 710 323 bono
733 261 766 322 et
788 277 888 342 aequo
911 261 1070 341 praestare
1093 261 1244 345 oportet,
1258 281 1308 336 aa

67 384 145 428 cum
157 364 297 448 alioquin
308 364 342 428 in
354 364 524 429 verborum
536 362 786 450 obligationibus
798 361 891 452 alitus
904 362 1091 447 stipuletur,
1106 362 1188 428 alius
1199 364 1223 448 ¹)
1240 354 1246 443 l
1259 385 1273 428 o

65 471 238 553 promittat
256 475 288 534 ot
306 472 340 534 iu
359 469 543 534 nominibus
563 471 567 553 Ι
589 463 855 554 alius'expensum
867 468 995 533 ferendo
1008 467 1147 556 obliget,
1161 469 1243 534 alius
1255 490 1290 547 ro,
1305 492 1328 535 u

37 583 41 588 ’
66 571 243 662 obligeltur
254 578 279 660 ²)
293 583 327 653 †.
910 592 913 598 '
1263 575 1312 664 (ra)

5 675 51 764 39)
115 679 256 766 Emptio
283 680 439 752 venditio
466 679 706 766 contrahitur,
730 702 804 746 oum
828 680 866 744 de
890 679 992 765 pretio
1015 680 1212 759 convenerit,
1235 679 1240 767 l
1261 703 1285 747 u

65 795 216 877 quamvis
238 795 381 862 nondum
403 797 544 881 pretium
566 799 772 860 numeratum
795 795 856 871 sit,
879 812 914 857 ac
934 812 974 857 nc
994 812 1063 858 arra
1082 793 1212 878 quidem
1233 796 1238 879 Ι
1259 814 1284 860 ro

64 899 143 966 data
171 900 280 975 fuerit
312 922 388 967 nam
411 899 496 986 quod
519 921 606 966 arras
628 902 756 967 nomine
781 898 892 975 datur,
919 905 1148 986 argumentum
1168 898 1174 986 Ι
1195 906 1290 986 estu,
1303 922 1330 968 rs

63 1009 239 1092 emptionis
262 1011 294 1072 et
317 1006 509 1072 venditionis
532 1009 717 1071 contractae.

5 1107 50 1198 lo)
113 1113 261 1178 Pretium
286 1117 394 1178 autem
415 1113 421 1198 Ι
441 1117 564 1178 certum
588 1131 655 1177 csse
677 1111 790 1195 debet3
809 1131 884 1174 nam
908 1110 1049 1196 alioquin
1068 1112 1096 1176 si
1107 1112 1152 1176 ita
1164 1113 1247 1177 inter
1259 1133 1285 1178 ro

64 1238 125 1285 nos
156 1219 364 1313 conluenerit,
396 1223 434 1283 ut
464 1219 575 1304 quanti
606 1216 713 1282 Titius
741 1237 807 1281 rem
841 1217 1075 1296 aestimaverit,
1101 1218 1182 1283 tanti
1205 1219 1285 1285 sitao

64 1317 203 1411 emplta,
227 1326 329 1392 liabeo
348 1324 496 1413 negavit,
520 1323 620 1388 ullam
640 1327 709 1389 vim
729 1324 788 1388 hoc
808 1325 975 1410 negotium
995 1323 1140 1416 habelre,
1155 1324 1291 1403 euiussr,
1304 1347 1330 1392 sa

64 1431 249 1515 opinionem
280 1428 408 1497 Cassius
438 1431 565 1516 probat:
591 1427 704 1495 Ofilius
727 1434 759 1494 et
783 1449 852 1495 eam
873 1430 878 1514 Ι
899 1429 1094 1514 emptionem
1120 1434 1151 1495 et
1174 1453 1285 1497 ven-aa

64 1537 222 1602 ditionem
253 1539 327 1620 [esre
357 1536 562 1620 eastimeuitl
593 1538 692 1608 ouius,
715 1537 893 1620 opinionem
926 1531 1092 1617 Prolculus
1121 1540 1285 1604 secutussr

60 1969 113 2021 teri
136 1964 292 2038 obligetur”.
330 1965 371 2021 Eo
393 1966 495 2038 igitur,
521 1966 596 2036 quod
622 1964 797 2022 consentiunt
815 1968 849 2020 ut
868 1962 1043 2036 obligentur,
1063 1981 1147 2022 causa
1167 1963 1256 2023 civilis

56 2055 205 2127 obligandi
231 2059 357 2127 superest
381 2056 493 2128 utrique
519 2056 704 2112 contrahenti.
743 2053 846 2122 Quodsi
875 2054 960 2110 Gaius
984 2058 1181 2111 contractuum
1209 2075 1258 2112 no-

57 2162 126 2200 men
152 2146 286 2202 voluisset
311 2147 462 2218 explicare,
477 2147 644 2218 scripsisset:
665 2149 745 2201 »Ideo
764 2157 849 2201 cutem
868 2148 897 2200 aa·
914 2156 1061 2200 contactus
1080 2151 1258 2203 comessantes

59 2237 200 2291 dicuutur''
230 2254 286 2291 non
312 2239 345 2292 ut
369 2255 444 2292 nunc
464 2237 587 2308 scripsit:
609 2238 691 2292 »Ideo
712 2238 807 2292 autem
826 2235 870 2290 his
889 2235 979 2290 modis
997 2254 1121 2291 consensa
1140 2235 1258 2291 dicimus

59 2329 231 2397 obligationes
249 2327 405 2384 contrnhi”.
442 2329 514 2382 Tum
534 2327 618 2382 nimis
637 2326 758 2382 absurda
775 2328 819 2381 est
837 2325 887 2380 illa
905 2342 976 2395 quae
996 2326 1086 2382 altera
1101 2325 1258 2382 habebatur

57 2417 181 2472 nominis
201 2435 296 2474 causa:
317 2435 451 2473 consensu
469 2417 530 2472 fieri
544 2415 728 2488 obligationes
745 2415 812 2486 quia
826 2414 928 2469 sufficit
944 2447 977 2454 —
996 2415 1163 2481 consentire;
1179 2431 1258 2488 prac-

56 2510 140 2562 terea
164 2525 199 2562 ne
224 2507 254 2561 in
275 2507 309 2562 iis
335 2507 552 2580 obligationibus
571 2506 699 2577 quidem,
719 2522 789 2575 quae
810 2521 857 2560 »re
877 2503 1081 2560 contrahuntur
1101 2505 1179 2558 »ulla
1196 2522 1256 2560 ver-

56 2597 159 2652 borum
189 2597 239 2652 aut
267 2597 420 2668 scripturae
449 2595 604 2668 proprietas
632 2596 833 2651 desideratur-¹³.
873 2595 951 2660 Quod
979 2612 1043 2649 oum
1072 2593 1257 2649 Tribonianus

58 2687 208 2752 sensisset,
231 2685 354 2743 addidit:
382 2705 434 2743 »ao
460 2705 495 2742 na
514 2691 577 2743 dari
593 2686 746 2757 quidquam
765 2702 876 2741 necesse
896 2687 939 2740 cst
956 2684 1029 2739 eto.”
1058 2683 1143 2738 Gaius
1162 2687 1257 2740 autem

57 2777 96 2831 de
115 2776 227 2832 nomine
246 2794 302 2832 non
321 2776 392 2849 egit;
412 2778 593 2850 appellantur
611 2777 712 2832 etheo
732 2776 917 2848 obligationes
936 2778 965 2830 et
985 2773 1108 2845 reliquae
1127 2794 1160 2830 ea
1177 2794 1257 2830 causa

58 2885 127 2932 sua3
146 2865 246 2936 idque,
264 2866 398 2937 quamdiu
421 2866 655 2939 iurisprudentiae
680 2865 807 2921 doctrina
829 2865 955 2936 vigebat,
975 2864 1133 2921 tonsoribus
1152 2882 1184 2919 ac
1202 2865 1257 2935 lip-

58 2956 106 3026 pis
130 2955 211 3012 facile
229 2959 329 3012 notum
348 2958 423 3023 erat;
443 2975 527 3013 causa
546 2975 609 3013 vero
627 2957 690 3029 ipsa
708 2973 779 3026 quae
799 2955 884 3011 fuerit
903 2954 1030 3026 exponit,
1050 2955 1257 3026 comparatione

57 3045 160 3101 addita
175 3061 270 3101 earum
287 3047 506 3118 obligationum,
522 3065 640 3117 quarum
654 3045 866 3102 similitudinem
883 3046 1007 3117 aliquam
1022 3047 1075 3100 hae
1085 3046 1257 3113 referebant,

58 3154 96 3192 ne
116 3137 208 3192 minus
226 3137 310 3208 periti
329 3155 425 3193 aarum
444 3141 577 3193 naturum
597 3137 807 3193 confunderent.

100 3228 131 3298 1)
150 3227 310 3298 (promittat
329 3230 359 3283 et
377 3228 407 3282 in
426 3230 583 3294 nominich
592 3227 664 3284 alius
684 3226 837 3296 stipuletur
856 3226 940 3297 alius)
960 3225 990 3280 0.

100 3317 131 3388 2)
149 3317 226 3372 Finis
244 3317 327 3373 huius
346 3319 492 3374 commatis
511 3319 659 3374 mutilatus
678 3316 877 3390 esse-videtur.
905 3317 1003 3386 Neque
1022 3315 1097 3370 enim
1117 3331 1164 3381 eo,
1183 3315 1258 3384 quod

57 3407 136 3462 alter
152 3424 304 3478 expansum
322 3409 440 3478 tulerat,
458 3409 515 3464 iam
525 3409 594 3464 alter
607 3409 797 3480 obligabatur,
808 3404 861 3461 nisi
872 3409 901 3460 ct
911 3405 934 3459 is
944 3409 1092 3475 acceptum
1101 3403 1257 3458 rettulisset

58 3497 90 3551 in
115 3514 179 3552 suas
203 3499 323 3553 tabulas.
362 3497 404 3552 cf.
431 3496 487 3552 Cio.
514 3495 591 3551 Verr.
612 3495 654 3561 11,
676 3497 708 3562 1,
729 3495 763 3550 39
784 3497 861 3565 §992
883 3497 942 3550 »Ex
962 3512 995 3550 ea
1014 3495 1089 3549 faece
1109 3492 1257 3564 legationis

57 3587 290 3658 quaestoriaeque
316 3591 382 3643 tuae
407 3587 609 3658 procurationis
634 3587 685 3640 illa
704 3590 770 3641 sunt
789 3585 916 3651 nomina,
937 3601 1008 3654 quae
1028 3583 1191 3639 Dolabellae
1211 3599 1257 3637 ne-

60 3677 201 3733 cessario*
224 3677 344 3748 (scilicet
363 3677 429 3749 quia
448 3676 482 3733 D.
502 3677 720 3747 repetundarum
739 3676 794 3732 fuit
813 3673 973 3743 damnatus)
995 3676 1078 3730 »sunt
1096 3672 1257 3728 aestimata:

60 3771 135 3841 qaod
159 3771 244 3824 uanus
264 3769 327 3824 Dol.
347 3769 427 3825 Verri
450 3779 581 3840 acceptam
601 3771 712 3833 rettulit,
732 3784 816 3838 quarn
836 3767 936 3822 Verres
954 3765 998 3819 illi
1016 3782 1153 3836 expensum
1173 3765 1259 3818 tulerit

59 3859 110 3913 HS
136 3859 240 3914 DXXX
265 3859 356 3926 milia3
383 3861 413 3913 ct
439 3861 508 3930 qaod
530 3861 589 3929 plus
614 3857 681 3915 lecit
703 3858 851 3914 Dolabella
872 3857 987 3920 Verrem
1015 3857 1155 3927 accepisse,
1174 3871 1259 3930 quam

59 3952 110 4004 iste
129 3951 159 4002 in
176 3951 231 4002 suis
251 3950 345 4003 tubulis
364 3950 454 4003 tabuit
471 3950 524 4003 etc.
713 3947 859 4004 Caeterum
877 3963 971 4002 versus
987 3947 1021 4000 14
1031 3945 1139 4001 Codicis
1148 3962 1205 3999 non
1215 3945 1258 3998 est

59 4055 170 4095 vacuus
190 4036 317 4103 relictus,
331 4040 365 4092 ut
380 4039 446 4092 ante
466 4038 560 4093 collat.
581 4038 705 4094 Studem.
726 4036 896 4104 credebant,¹
912 4035 959 4092 sed
976 4038 1125 4106 supersunt
1141 4032 1258 4104 vestigia

58 4131 91 4184 in
112 4146 147 4184 co
166 4146 247 4185 versu
265 4128 384 4184 miniata
403 4127 492 4184 tituli:
513 4129 651 4204 DEEM.
700 4163 708 4174 -
801 4145 804 4156 ·

131 4239 169 4290 ll.
1172 4242 1199 4291 lt
