3024 4574
204 73 252 140 δὲ
617 91 700 140 rusr.
715 75 737 138 1.
761 95 804 139 nn
818 77 836 160 ξ
849 72 970 142 3-·10.

254 261 338 331 Oum
369 268 478 328 autam
507 263 654 347 impubes
684 286 740 349 per
770 264 944 350 principale
975 269 1163 351 rescriptum
1186 267 1374 353 adrogatur,
1401 283 1415 328 a
1502 335 1503 358 ,

206 391 302 437 causa
333 371 461 456 cognita
493 369 657 455 adrogatio
687 372 886 454 permittitur
916 376 948 435 et
978 374 1154 456 exquiritur
1176 393 1270 437 causa
1294 371 1382 436 adro-
1502 405 1503 454 q

118 499 120 508 ¹
205 477 364 565 gationis,
395 495 435 540 an
464 475 596 539 honesta
625 477 668 539 sit
697 476 903 561 expediatque
933 477 1072 562 pupillo,
1099 484 1131 544 et
1155 500 1229 544 cum
1253 478 1382 562 quibus-

205 584 281 648 dam
316 581 552 646 condicionibus
581 581 744 668 adrogatio
778 579 830 665 fit,
863 582 898 646 id
929 587 976 647 est
1007 589 1043 648 ut
1074 591 1183 651 caveat
1214 585 1384 670 adrogatur

206 709 356 774 personae
378 685 543 772 publicae,
561 686 621 751 hoc
640 691 688 751 est
704 686 876 764 tabulario,
894 691 921 752 ai
932 691 1016 754 intra
1027 691 1227 775 pubertatem
1238 689 1383 775 pupillus

209 796 394 877 decesserit,
417 794 642 857 restituturum
666 813 699 857 se
721 792 802 857 bona
824 792 908 877 illis,
933 797 1005 880 qui,
1027 798 1055 860 si
1072 797 1199 882 adoptio
1218 797 1300 860 facta
1317 816 1384 860 non

120 921 122 928 ’
205 908 306 984 esset,
341 899 381 964 ad
413 899 643 964 successionem
678 899 746 962 eius
778 901 905 963 venturi
935 907 1047 965 essent.
1094 905 1181 967 item·
1204 922 1267 967 non
1301 901 1384 965 alias

204 1006 406 1089 emancipare
425 1023 478 1068 eos
496 1008 601 1088 potest
621 1003 803 1089 adrogator,
825 1006 888 1068 nisi
906 1027 999 1070 causa
1018 1009 1147 1095 cognita
1164 1008 1257 1096 digni
1275 1028 1381 1072 eman·

204 1114 364 1196 -oipatione
395 1110 515 1173 fuerint
541 1115 572 1174 et
595 1113 670 1172 tunc
694 1129 751 1173 sua
773 1109 855 1175 bona
877 1112 923 1174 eis
945 1112 1066 1177 reddat.
1113 1114 1167 1178 sed
1188 1119 1220 1178 at
1242 1117 1270 1178 si
1292 1114 1381 1178 dece-

205 1221 283 1285 dens
313 1226 402 1302 pater
431 1235 507 1279 eum
538 1213 775 1278 exheredaverit
797 1214 850 1280 vel
873 1218 967 1281 vivus
989 1220 1057 1283 sine
1080 1219 1166 1284 iusta
1188 1240 1381 1284 causacum

207 1322 470 1407 emancipaverit,
502 1321 631 1384 iubetur
662 1327 807 1403 quartam
837 1327 961 1407 partem
995 1326 1024 1387 ei
1058 1345 1189 1390 suorum
1225 1327 1381 1390 bonorum

205 1430 400 1513 relinquere,
433 1424 583 1491 videlicet
609 1430 734 1511 praeter
754 1426 836 1490 bona
843 1473 851 1504 ,
876 1448 956 1511 quaa
978 1428 1018 1492 ad
1044 1436 1169 1515 patrem
1188 1431 1377 1516 adoptivum

202 1533 370 1600 ‘transtulit
397 1536 429 1597 et
459 1550 592 1616 quorum
626 1532 830 1596 commodum
862 1535 892 1598 ei
915 1534 1088 1619 adquisivit
1110 1542 1231 1622 postea·
1274 1537 1418 1602 Mino-s

204 1661 275 1706 rem
304 1643 383 1704 natu
412 1657 474 1701 nou
504 1656 595 1722 posse
624 1638 778 1703 maiorem
809 1638 956 1723 adoptare
985 1640 1108 1725 placet:
1144 1643 1269 1728 adoptio
1292 1645 1381 1707 enim

203 1752 354 1812 naturam
376 1744 524 1807 imitatur
546 1746 579 1807 et
600 1761 657 1826 pro
680 1747 822 1809 monstro
845 1751 909 1821 est,
931 1750 969 1809 ut
988 1748 1091 1812 maior
1113 1750 1157 1812 sit
1179 1747 1264 1814 filius
1279 1769 1381 1833 quam
1502 1833 1503 1836 Ἴ

197 1857 302 1938 pater.
337 1849 431 1914 debet
460 1849 568 1932 itaque
590 1849 635 1925 is,
660 1849 716 1932 qui
737 1849 800 1912 sibi
825 1870 881 1933 per
903 1851 1141 1938 adrogationem
1162 1854 1216 1920 vel
1237 1855 1380 1939 adoptio-

205 1979 280 2024 nem
311 1954 417 2019 filium
443 1953 534 2032 facit,
559 1952 652 2038 plena
673 1953 857 2039 pubertate,
880 1956 914 2020 id
938 1961 986 2022 est
1008 1957 1117 2024 dacem
1140 1965 1172 2025 et
1194 1965 1264 2025 octo
1287 1963 1379 2026 annis

201 2061 397 2149 praecedere.
443 2059 534 2125 Licet
557 2065 664 2124 autem
689 2064 721 2125 et
743 2059 906 2125 inlocum
928 2065 1053 2147 nepotis
1074 2065 1128 2130 val
1148 2069 1252 2151 neptis
1270 2066 1324 2132 vel
1342 2069 1378 2131 in
1401 2091 1417 2134 s

200 2169 311 2234 locum
336 2166 516 2252 pronepotis
537 2163 591 2230 vel
613 2167 774 2249 proneptis
797 2165 850 2230 vel
874 2167 1018 2253 deinceps
1043 2170 1205 2253 adoptare,
1229 2173 1378 2255 quamvis
1502 2235 1503 2246 2

200 2271 310 2338 tilium
333 2274 404 2358 quis
427 2291 489 2336 non
511 2271 635 2335 habeat.
670 2270 713 2334 nt
734 2278 802 2336 tam
825 2270 929 2337 filium
953 2273 1093 2339 alienum
1118 2278 1189 2362 quis
1211 2277 1245 2340 in
1267 2276 1375 2343 locum
1399 2299 1416 2343 a

200 2381 328 2465 nepotis
356 2381 460 2463 potest
483 2375 648 2460 adoptare,
672 2384 939 2462 quam-nepotem
960 2381 994 2444 in
1016 2379 1123 2446 locum
1146 2379 1215 2446 filii.
1263 2381 1326 2446 Sed
1347 2385 1376 2448 si
1401 2406 1417 2449 r

201 2488 277 2572 quis
299 2485 423 2569 nepotis
444 2481 513 2547 loco
537 2481 664 2566 adoptet
684 2480 736 2546 vel
756 2485 847 2566 quasi
864 2504 904 2547 ex
922 2504 958 2548 eo
975 2482 1059 2569 filio,
1082 2506 1177 2570 quem
1196 2487 1292 2552 habet
1311 2491 1378 2552 iam

201 2591 411 2676 adoptatum,
433 2587 486 2653 vel
509 2589 599 2672 quasi
622 2607 662 2651 ex
683 2585 757 2663 illo,
779 2608 874 2672 quem
894 2589 1073 2656 naturalem
1094 2592 1127 2654 in
1148 2611 1205 2655 sua
1223 2597 1380 2677 potestate

206 2697 318 2764 habet:
350 2696 385 2768 in
412 2714 448 2760 eo
469 2713 543 2758 casu
568 2697 600 2757 et
622 2690 708 2756 filius
731 2696 905 2758 consentire
928 2694 1039 2779 debet,
1062 2716 1102 2761 ne
1124 2697 1154 2762 ei
1176 2698 1279 2763 invito
1301 2719 1378 2764 snus

206 2801 298 2868 heres
327 2801 546 2887 adgnascatur.
593 2797 648 2862 sed
678 2819 716 2862 ex
747 2801 901 2865 contrario
928 2802 957 2864 si
978 2820 1058 2866 avus
1080 2822 1119 2866 ex
1141 2798 1208 2867 tilio
1230 2811 1380 2888 nepotem
1501 2881 1502 2898 ,

207 2907 265 2971 dat
286 2910 321 2970 in
344 2905 562 2996 adoptionem,
588 2921 649 2966 non
673 2909 721 2967 est
739 2923 862 2970 necesse
881 2903 985 2970 filium
1006 2910 1190 2972 consentire.
1226 2907 1264 2974 In
1281 2907 1380 2994 pluri·
1405 2933 1420 2976 a
1501 2903 1502 2928 *

204 3014 272 3077 mis
303 3015 412 3076 autam
443 3010 546 3074 cauus
569 3007 771 3073 adsimilatur
793 3012 840 3087 is,
865 3013 921 3095 qui
945 3010 1112 3096 adoptatus
1134 3013 1186 3078 val
1209 3015 1382 3102 adrogatur

210 3127 275 3193 est,
300 3119 330 3182 ei
354 3117 409 3201 qui
432 3136 471 3180 ax
494 3115 639 3201 lchtimo
662 3117 868 3180 matrimonio
890 3122 985 3182 natus
1009 3123 1065 3182 est.
1113 3125 1146 3183 et
1168 3119 1239 3185 ideo
1262 3123 1289 3183 si
1312 3122 1384 3205 quis

209 3245 266 3308 per
287 3225 512 3308 imperatorem
535 3221 602 3284 sive
624 3220 708 3305 apud
731 3227 908 3306 praetorem
929 3222 982 3288 vel
1005 3223 1089 3310 apud
1111 3225 1289 3310 praesidem
1312 3223 1393 3312 pro·¹

208 3330 333 3394 vinciae
355 3348 418 3392 non
442 3329 626 3394 extraneum
650 3325 865 3411 adoptaverit,
888 3333 991 3414 potest
1015 3329 1149 3394 eundem
1173 3329 1231 3395 alii
1252 3333 1287 3396 in
1311 3332 1384 3397 ado

211 3437 354 3520 ptionem
378 3434 462 3498 dare.
497 3427 571 3502 Sed
597 3428 746 3513 et2illud
771 3433 952 3529 utriusque
976 3431 1179 3529 adoptionis
1195 3460 1423 3508 communes
1500 3527 1501 3538 ἵ

213 3555 287 3638 cst,
319 3541 415 3642 quod
446 3553 481 3614 ot
513 3540 570 3636 hi,
596 3543 657 3640 qui
682 3569 851 3641 generum
874 3569 947 3614 non
971 3557 1133 3642 possunt,
1160 3546 1283 3644 quales
1307 3560 1391 3620 sunt

209 3657 405 3754 spadones,
443 3653 611 3752 adoptare
649 3667 815 3752 possunt,
853 3661 981 3724 castrati
1019 3665 1126 3738 autem
1164 3682 1228 3727 non
1256 3668 1390 3748 possunt

210 3760 380 3841 Feminae
414 3793 553 3867 quoque
584 3767 753 3864 adoptare
783 3795 855 3840 non
879 3780 1046 3867 possunt,
1071 3773 1153 3870 quia
1179 3797 1245 3844 nee
1271 3784 1385 3844 natu-
1406 3798 1437 3842 ro

210 3883 303 3954 rales
334 3881 467 3953 liberos
501 3883 539 3950 in
568 3891 740 3977 potestate
774 3908 836 3952 sua
851 3880 1020 3956 tabem:
1045 3885 1100 3951 sad
1123 3907 1162 3952 ex
1185 3887 1388 3978 induigentia

208 4001 365 4085 principis
394 3997 434 4063 ad
465 3993 616 4062 solatium
647 3994 820 4062 liberorum
850 3997 1040 4064 amissorum
1073 3999 1223 4085 adoptare
1244 4006 1386 4085 possunt.
