2894 4616
444 31 634 116 1111111
660 31 849 100 rra-179.
1173 31 1239 102 111
1267 25 1269 28 ’

54 226 135 308 cepti
157 229 189 288 et
212 220 312 304 oblati
335 221 442 306 tripli,
467 221 1143 308 111111111111111111111111(1111111111
1166 221 1239 308 sive}
1264 245 1289 287 re

53 329 123 413 quis
145 334 240 417 neget
263 332 331 397 sive
354 330 491 393 fateatur
514 326 615 411 pluris
639 348 734 411 quam
758 327 866 412 simpli
890 334 938 393 est
961 332 1079 414 actio}
1262 349 1287 393 ro

9 436 36 520 t)
95 438 219 502 Actoris
247 457 371 521 quoque
399 434 560 499 calumnia
590 439 750 498 cotrcetur
781 435 875 499 modo
907 436 1085 501 calumniae
1107 435 1238 524 iuditcio
1262 454 1336 517 ι1,ιε

8 542 37 626 5)
50 542 145 607 modo
176 544 349 626 contrario,
379 539 474 604 modo
505 539 725 623 iureiurando,
757 540 851 604 modo
883 541 1132 626 restipulatione.
1159 539 1164 628 Ι
1196 540 1238 605 Et
1262 560 1287 604 ro

48 649 179 734 quidem
214 649 393 714 calumniae
427 645 587 710 iudicium
624 645 774 710 adversus
810 666 919 711 omnes
955 650 1092 712 actiones
1122 643 1236 725 ioicum
1261 666 1287 709 ro

46 756 144 820 habet
168 760 198 820 et
222 761 270 820 est
292 755 433 819 decimae
456 754 556 837 partis
579 753 640 836 rei,
660 754 713 815 ced
730 752 881 818 adversus
902 753 1104 832 adseritorem
1125 755 1239 818 tertiae
1261 771 1285 815 rr

7 860 34 946 i)
48 864 150 946 partis
173 859 271 946 est1).
317 861 471 925 Liberum
495 864 543 923 est
565 862 675 922 autem
700 861 746 939 ei,
771 879 844 922 cum
870 879 932 943 quo
957 861 1064 946 agitur
1085 864 1140 923 aut
1160 859 1166 943 Ι
1187 879 1235 922 ca·
1258 878 1285 921 eo

44 966 188 1032 lumniae
210 967 367 1032 iudicium
391 985 547 1050 opponere
570 968 627 1029 aut
650 965 873 1030 iusiurandum
894 967 1020 1052 exigere
1038 985 1100 1030 non
1113 963 1237 1031 calum·

44 1067 130 1154 ntiae
152 1094 248 1165 causa
271 1071 403 1160 agere!
965 1127 973 1140 ,
1263 1091 1289 1135 ra

6 1181 30 1262 1)
90 1178 294 1246 Contrarium
330 1181 439 1243 autem
474 1176 631 1241 iudicium
668 1179 763 1242 certis
799 1198 838 1241 ex
873 1179 975 1242 causis
1010 1175 1240 1252 constituitcrll
1262 1197 1288 1239 re

42 1286 136 1352 velut
169 1288 197 1350 si
232 1285 424 1350 iniuriarum
460 1288 589 1369 agatur,
627 1287 659 1347 et
694 1286 721 1347 si
757 1303 832 1348 cum
867 1283 1003 1348 muliere
1038 1305 1074 1349 eo
1109 1285 1238 1348 nomine
1308 1280 1373 1345 249

42 1396 173 1480 agatur,
196 1393 201 1475 Ι
222 1391 306 1476 quod
337 1389 461 1453 dicotur
489 1390 610 1454 ventris
642 1391 771 1454 nomine
801 1392 836 1453 in
868 1393 1097 1474 possessionem
1121 1391 1271 1466 missar
1305 1373 1374 1452 911)

4 1569 6 1572 ,
42 1497 118 1563 doio
150 1496 236 1562 malo
257 1498 262 1580 1
284 1495 323 1560 ad
354 1495 454 1559 alium
487 1483 722 1579 possessionem
748 1495 965 1581 transtulisse,
996 1502 1028 1561 et
1054 1499 1082 1561 si
1106 1490 1178 1581 quis
1201 1516 1273 1560 eos

40 1606 172 1669 nomine
192 1604 197 1687 1
219 1608 308 1689 agat,
335 1601 418 1686 quod
443 1600 527 1665 dicat
551 1621 584 1665 se
609 1607 785 1686 apraetore
805 1604 840 1665 in
858 1605 1087 1686 possessionem
1100 1604 1236 1667 missum
1259 1622 1272 1664 ι

41 1712 83 1776 ab
119 1709 182 1774 alio
216 1709 303 1793 quot
330 1707 506 1772 admissum
541 1727 604 1772 non
639 1729 721 1786 esse;
745 1711 749 1794 Ι
770 1710 825 1774 sed
861 1710 1010 1776 adversus
1044 1710 1235 1773 iniuriarum
1260 1725 1308 1789 ac

41 1816 175 1902 quidem
212 1818 370 1879 actionem
406 1812 548 1877 decimae
575 1816 676 1898 partis
707 1815 817 1898 datur,
838 1816 843 1898 Ι
865 1815 1016 1882 adversus
1047 1835 1123 1880 vero
1155 1813 1269 1877 duas-1

2 1922 26 2008 1)
39 1927 122 1987 istas
145 1924 284 2006 quintae.
305 1920 311 2004 Ι
332 1917 478 1985 Severior
497 1924 604 1983 autem
625 1922 772 1985 coercitio
796 1924 843 1985 est
863 1923 1131 2005 percontrarium
1150 1920 1233 1984 iudi·
1256 1941 1269 1983 a

41 2033 141 2094 cium.
188 2027 266 2091 Nom
297 2027 331 2089 c'n
345 2027 370 2110 ²)
392 2027 397 2108 Ι
419 2023 597 2089 calumniae
628 2026 748 2091 iudicio
781 2026 921 2091 decimae
953 2029 1027 2108 [eice
1058 2026 1192 2112 quintae]
1205 2027 1269 2110 ³)o

39 2137 143 2220 partis
173 2153 267 2197 nemo
300 2131 485 2214 damnatur,
515 2131 576 2193 nisi
600 2134 655 2215 qui
678 2129 851 2219 initellegit
873 2153 936 2196 non
959 2139 1043 2198 recte
1067 2155 1100 2199 se
1123 2154 1236 2221 agere,
1262 2152 1286 2196 ro

37 2241 97 2305 sed
128 2237 265 2306 vexandi
296 2237 467 2302 adversarii
495 2233 612 2323 graltia
641 2241 797 2302 actionem
820 2240 981 2322 instituit,
1006 2242 1174 2323 potiusque
1198 2260 1236 2303 ex
1262 2261 1283 2302 ιι

37 2347 159 2411 iudicis
190 2363 292 2410 errore
315 2342 369 2408 vel
391 2340 575 2430 itniquitate
598 2345 768 2409 victoriam
792 2347 914 2426 sperat,
940 2365 1034 2428 quam
1061 2367 1100 2410 ex
1124 2365 1236 2409 causae
1260 2365 1285 2408 re

35 2451 213 2530 veritatc⁴t
224 2470 233 2529 3
259 2450 421 2542 contratrio
444 2469 519 2514 vero
543 2448 663 2513 iudicio
687 2449 871 2514 omnimodo
895 2449 1065 2515 damnatur
1085 2455 1188 2534 actor,
1208 2452 1236 2514 si
1261 2471 1284 2514 rc

32 2579 168 2624 causam
187 2577 249 2622 non
270 2557 431 2646 tenulerit,
452 2554 529 2619 licet
548 2553 679 2640 [f]aira
691 2557 716 2642 ⁵)
739 2557 886 2640 opinione
902 2556 1052 2622 inductus
1065 2557 1233 2625 crediderit
1257 2580 1282 2622 rc

8 2670 73 2750 )se
98 2669 183 2729 recte
206 2661 314 2750 atgere.
352 2659 473 2746 Utique
496 2667 606 2726 autem
630 2683 669 2726 ex
693 2664 808 2746 quibus
835 2663 926 2748 [quir]
952 2665 1054 2728 causis
1078 2666 1283 2730 contrariom

31 2770 158 2835 iudicio
189 2789 283 2856 agere
307 2771 428 2852 potest,
454 2769 550 2832 etiam
573 2765 579 2852 Ι
599 2767 781 2834 calumniae
804 2769 963 2834 iudicium
987 2769 1094 2834 locum
1117 2770 1238 2858 habet„
1257 2793 1281 2835 u

29 2877 90 2942 sed
120 2876 273 2941 alterutro
304 2878 414 2938 tamen
443 2872 571 2964 iutdicio
596 2894 689 2960 agere
713 2876 923 2958 permittitur.
971 2875 1040 2956 Qua
1061 2877 1183 2942 ratione
1206 2879 1234 2942 si
1257 2899 1282 2942 rs

29 2981 259 3048 iusiurandum
279 2978 286 3066 Ι
307 2979 345 3043 de
374 2977 533 3044 calumnia
563 2984 712 3045 exactum
744 2981 857 3058 fucrit,
889 2982 1161 3066 quemadmodum
1184 3003 1234 3049 ca·
1258 3002 1283 3047 ro

27 3089 179 3154 lumniae
199 3086 358 3152 iudicium
377 3104 440 3150 non
459 3085 570 3165 datur,
592 3087 639 3151 ita
660 3091 692 3151 et
710 3087 905 3153 contrarium
918 3088 986 3154 dari
998 3109 1061 3155 non
1074 3089 1101 3166 ο)
1113 3089 1232 3176 debet}
1253 3108 1281 3154 ro

74 3270 105 3339 1)
125 3267 168 3323 (11.
191 3267 263 3321 Paul
283 3266 359 3322 Sant.
379 3266 414 3332 V,
434 3266 479 3332 33,
500 3267 525 3320 7.
545 3266 679 3321 Adsertor
696 3266 720 3321 si
737 3268 885 3337 provocet,
905 3267 935 3322 in
954 3269 1091 3324 eiusmodi
1111 3269 1225 3324 tertiam

28 3359 127 3414 caveri
146 3358 245 3422 debet,
265 3357 365 3426 quanti
383 3373 467 3411 causa
486 3357 636 3412 aestimata
656 3357 708 3412 cst.
1025 3351 1035 3377 ¹

71 3451 101 3514 e)
122 3447 248 3517 »Pagina
265 3447 383 3502 interior
401 3446 535 3501 facillime
554 3445 687 3518 legitur”.

71 3539 103 3614 2)
124 3537 163 3592 (1.1
184 3553 250 3591 non.

70 3630 99 3696 3)
119 3624 223 3680 addidi.

70 3718 102 3788 4)
122 3713 314 3804 (calumniaeff
341 3715 371 3769 in
400 3716 542 3772 adfectum
569 3717 677 3771 esicut
697 3715 765 3771 furti
786 3715 902 3791 crimen)
922 3715 952 3770 (1.
971 3717 1038 3772 Prot
1058 3734 1140 3774 cocao
1158 3721 1224 3776 ocri·

25 3817 84 3862 tate
103 3806 134 3860 in
154 3805 254 3860 Codice
273 3810 330 3860 est:
350 3810 368 3858 c
389 3813 545 3881 (zcausa)
565 3807 702 3862 veritatis.
809 3866 812 3872 ,

68 3899 100 3967 5)
120 3897 159 3952 Oc
180 3895 244 3950 alia.
264 3895 433 3951 Mommsen:
453 3897 544 3960 falfa.
565 3897 636 3950 Edd.
656 3914 690 3951 ex
710 3896 848 3951 Gdscheni
868 3897 1028 3952 coniectura
1046 3897 1180 3969 ali[qu]a.

68 3987 99 4057 6)
121 3985 160 4040 (1.1
180 4005 232 4040 coa
252 3987 325 4052 dori,
346 3986 447 4041 omisso
467 3986 576 4041 scilicet
596 3985 674 4056 signo
694 3985 918 4055 transpositionis
937 4001 975 4060 χ.
