2880 4614
459 61 790 173 annasse-or.
1139 87 1205 155 ιιι

11 315 12 330 1
81 278 159 342 Item
181 279 209 341 si
231 275 312 342 alter
334 298 373 342 ex
395 279 436 342 iis
455 235 595 363 patronis
615 299 706 346 suam
721 285 846 366 partem
866 280 872 364 Ι
892 281 1111 346 inhereditate
1124 279 1241 345 oivisro

41 384 170 450 Romani
191 384 299 450 liberti
322 389 465 469 spernat,
490 384 543 450 vel
566 390 638 451 ante
661 386 846 479 morialtur,
871 407 967 472 quarn
991 391 1113 458 demat,
1134 390 1202 450 tota
1214 405 1237 449 ιι

40 491 188 555 hereditas
223 491 262 555 ad
297 490 434 555 alterum
463 493 620 576 pertinet,
650 492 756 579 bona}
778 498 886 558 autem
915 493 1008 558 latini
1038 512 1095 577 pro
1117 495 1243 577 partera

39 595 208 660 decedentis
230 599 354 681 patroni
377 597 495 663 eaduoa
515 599 520 682 Ι
541 595 622 663 fiunt
645 603 677 664 et
701 600 741 664 ad
763 599 918 684 populum
941 602 1110 686 pertinent.
1133 599 1138 684 Ι
1219 617 1244 661 ra

11 739 12 750 2
80 703 192 768 Postea
224 701 314 788 Lupo
337 707 369 767 et
391 702 496 791 Largo
520 705 702 773 oonsulibus
726 711 853 771 senatus
876 708 1014 783 sensuit,
1037 707 1043 790 Ι
1063 709 1100 770 ut
1123 705 1205 769 bona
1216 723 1251 780 ιι,
1264 722 1290 766 ra

38 809 217 873 Latinorum
248 811 390 894 primum
423 810 461 876 ad
493 832 567 876 eum
597 815 805 896 pertinerent,
835 814 840 895 Ι
869 816 925 897 qui
954 833 1005 878 eos
1027 811 1247 888 liberasset31a

39 915 142 979 deinde
160 915 199 979 ad
210 914 327 981 liberos
343 936 452 982 eorum
464 937 526 983 non
546 918 551 1004 Ι
572 920 766 985 nominatim
780 918 999 996 exheredatos,
1013 920 1064 983 uti
1076 918 1208 1002 quisque
1219 937 1245 981 ιι

37 1023 195 1106 proximus
223 1025 318 1099 esset;
354 1025 430 1088 tune
462 1026 591 1108 antiquo
621 1027 690 1090 iure
721 1024 761 1090 ad
787 1025 917 1090 heredes
940 1046 1067 1102 eorum,
1093 1026 1147 1109 qui
1170 1023 1246 1088 lira

38 1117 202 1211 beirassent
218 1128 254 1212 ¹).
533 1149 537 1156 ·
1222 1148 1247 1193 re

78 1233 144 1314 Quo
166 1235 192 1319 ²)
228 1236 500 1303 senatusconsulto
524 1238 654 1332 quidam
680 1239 743 1324 [id]
769 1244 876 1305 aetum
897 1241 903 1323 Ι
924 1260 989 1305 esse
1015 1243 1147 1324 putant,
1171 1241 1246 1302 utro

37 1341 67 1403 in
101 1342 191 1407 bonis
226 1340 403 1407 latinorum
437 1342 547 1409 eodem
580 1346 650 1410 iure
681 1342 837 1426 nitamur,
873 1367 934 1432 quo
956 1349 1080 1411 utimur
1101 1347 1135 1408 in
1157 1345 1247 1409 he-sr

36 1448 163 1514 reditate
187 1451 307 1514 oivium
329 1448 547 1515 Romanorum
569 1446 821 1534 liberltinorum:
842 1453 937 1538 idque
951 1453 977 1533 ³)
995 1453 1135 1518 maxime
1153 1450 1247 1515 Pasa

37 1574 107 1640 gaso
124 1554 269 1639 plaeuit;
285 1576 364 1641 quae
384 1558 391 1637 Ι
410 1558 566 1622 sententia
586 1563 691 1642 aperte
713 1558 792 1624 falsa
811 1565 876 1625 est:
894 1583 969 1654 narn
982 1562 1061 1626 aivis
1072 1558 1210 1624 Romani
1221 1577 1247 1620 aa

37 1659 138 1725 liberti
168 1661 339 1751 herelditas
369 1683 546 1747 numquam
571 1664 610 1728 ad
633 1668 796 1731 extraneos
820 1670 944 1751 patroni
966 1663 1206 1750 heredesilper·
1220 1674 1247 1726 ιι
1260 1656 1326 1724 143

39 1770 127 1852 tinet,
159 1769 243 1833 bona
274 1773 382 1834 autern
412 1770 601 1845 latinorum,
635 1773 734 1836 etiam
759 1793 796 1836 ex
819 1772 878 1838 hoo
901 1775 970 1859 ipso
991 1775 996 1856 Ι
1017 1776 1239 1837 senatuscona
1278 1749 1349 1825 Ψ)

39 1874 114 1939 salto
145 1894 209 1940 non
239 1875 439 1940 obstantibus
467 1875 576 1940 liberis
599 1878 841 1950 manumissoris
865 1881 975 1968 etitam
998 1877 1038 1943 ad
1061 1881 1247 1942 extraneoss

39 1980 160 2045 heredes
190 1982 367 2065 pertinent3
399 1983 479 2046 item
502 1983 537 2046 in
559 1981 735 2047 hereditate
756 1983 761 2067 Ι
782 1986 862 2048 rivis
885 1983 1021 2049 Romani
1044 1982 1151 2047 liberti
1172 1980 1236 2045 ]ι’-ι

39 2086 115 2151 beris
138 2088 383 2151 manumissoris
406 2085 496 2152 nulla
515 2087 728 2176 exheredaltio
747 2093 856 2174 nocet,
875 2091 910 2153 in
929 2091 1020 2154 bonis
1039 2088 1236 2154 latinorums
1358 2177 1360 2180 .

37 2213 139 2258 nocere
173 2191 377 2278 nominaltim
410 2194 526 2258 factam
551 2195 827 2260 exheredationem
849 2197 919 2280 ipso
942 2194 1238 2261 senatusconsultoe

37 2299 250 2386 signifioaltur.
298 2297 411 2364 Verius
445 2305 492 2365 est
520 2321 613 2388 ergo,
644 2300 704 2364 hoe
737 2300 841 2365 solum
874 2322 910 2366 eo
942 2299 1237 2366 senatusconsultor

36 2412 137 2470 aetum
170 2426 256 2482 esse,
288 2409 326 2470 ut
346 2405 351 2492 Ι
371 2408 612 2471 manumissoris
643 2403 755 2483 liberi,
782 2409 837 2492 qui
859 2410 1051 2472 nominatim.
1076 2397 1238 2486 exhereda

35 2512 96 2577 dati
125 2533 189 2578 non
212 2514 292 2588 sint,
318 2513 534 2596 praeferantur
559 2515 717 2586 extraneis
740 2513 919 2578 heredibus.
943 2515 947 2599 Ι
970 2513 1078 2599 ltaque
1102 2533 1243 2595 eman-o,
1257 2532 1282 2576 ιο

35 2621 153 2703 cipatus
176 2617 263 2682 filius
285 2620 411 2702 patroni
433 2620 636 2703 praeteritus,
663 2609 822 2707 quamivis
845 2623 952 2684 eontra
972 2618 1099 2684 tabulas
1117 2622 1249 2684 testari

34 2727 129 2790 menti
151 2726 292 2811 parentis
316 2726 366 2788 sui
390 2723 544 2816 bonorum
570 2726 797 2809 possessionem
820 2746 884 2790 non
905 2727 909 2809 Ι
930 2727 1073 2810 petierit,
1099 2730 1247 2790 tamense

34 2833 185 2896 extraneis
215 2830 384 2894 heredibus
411 2832 445 2893 in
474 2831 565 2895 bonis
595 2821 781 2905 latinolrum
803 2833 908 2916 potior
929 2831 1075 2896 habetur.
1097 2831 1207 2915 [Item
1220 2851 1256 2914 ra,
1270 2849 1295 2895 ιι

33 2935 94 3001 filia
116 2937 294 3021 caeterique
318 2937 368 2999 sui
390 2935 538 3010 heredes,
563 2935 638 3002 lieet
661 2939 730 3002 iure
753 2937 843 3004 civili
864 2937 869 3024 Ι
889 2939 973 3002 inter
997 2942 1134 3003 caeteros
1157 2959 1208 3003 ex·
1224 2959 1249 3003 rs

36 3042 192 3126 heredati,
206 3044 232 3117 4)
255 3043 294 3107 ab
315 3042 401 3106 omni
420 3041 595 3107 hereditate
616 3043 621 3127 Ι
640 3047 802 3128 patrissui
814 3049 1091 3122 summoveantur,
1107 3049 1213 3110 tamen
1225 3065 1250 3109 re

34 3149 65 3210 in
92 3150 184 3213 bonis
213 3147 397 3224 latinorum,
419 3149 424 3232 Ι
444 3149 507 3212 nisi
530 3151 721 3214 nominatim
746 3171 764 3215 a
787 3155 918 3235 parente
942 3151 1061 3216 fuerint
1085 3151 1209 3218 exheri·
1221 3173 1246 3215 ιι

33 3250 140 3332 dalti5)
179 3255 314 3338 potiores
338 3259 431 3320 erunt
453 3259 610 3321 extraneis
632 3256 812 3322 heredibus.
904 3307 906 3311 -
1217 3279 1243 3322 rs

75 3361 157 3426 Item
189 3360 229 3425 ad
252 3354 396 3444 hiberos,
422 3362 478 3446 qui
501 3361 539 3427 ab
563 3362 738 3429 hereditate
764 3366 903 3450 parentis
916 3364 941 3451 ΙΙ
968 3365 1205 3441 abstinuerunt,
1218 3383 1253 3446 ro,
1266 3383 1293 3426 aa

63 3527 89 3598 1)
108 3525 304 3596 (pertinerent)
324 3525 355 3580 G.

62 3617 91 3685 2)
110 3616 155 3671 (tr
175 3615 258 3684 quod.

62 3705 90 3776 3)
110 3705 154 3760 C.:
180 3705 317 3774 idemque.
343 3704 502 3760 emendavit
527 3706 583 3761 ianr
606 3707 758 3774 (boseham
778 3707 853 3764 idem
873 3708 908 3763 V.
930 3710 970 3765 01.
991 3710 1116 3765 restituit
1135 3727 1161 3765 v.
1182 3711 1217 3764 20

29 3795 138 3863 quidam
157 3794 195 3849 id.

63 3887 89 3953 *)
109 3902 190 3957 ιρις.
209 3883 325 3939 interior
343 3900 377 3938 ex
396 3887 482 3964 parte
495 3885 659 3954 difficulter,
680 3903 714 3943 ex
733 3891 813 3961 parte
833 3889 942 3946 facilius
960 3890 1091 3966 legitur.”

62 3976 90 4046 4)
110 3976 180 4045 (sint
198 3978 246 4047 et).

64 4067 91 4132 5)
110 4067 157 4122 ih:
177 4062 372 4121 exhereditati·

63 4157 92 4228 s)
110 4158 165 4229 (se)
184 4157 213 4213 c.
