2880 4614
459 73 515 123 sn
535 55 591 120 ru.
616 57 652 141 §a
676 54 818 124 ss-sr.
1159 55 1225 123 err

59 253 132 319 bona
144 246 169 333 ¹)
200 252 327 335 possent
348 248 608 312 manumissionis
629 249 699 313 iure
722 247 761 312 ad
782 251 787 334 Ι
807 253 953 334 patronos
975 251 1149 334 pertinere,
1173 272 1248 316 nee

60 360 220 426 cessarium
252 356 463 432 existimarit,
487 354 492 442 Ι
512 376 551 420 ne
577 353 765 420 beneficium
788 358 860 421 istis
884 357 992 422 datum
1018 360 1050 422 in
1074 359 1250 424 iniuriama

57 462 260 554 patronolrum
284 465 532 539 converteretur,
558 461 718 538 6616161,
743 466 780 526 61
802 463 883 529 bona
904 472 1018 554 sotrum
1040 465 1168 551 perinde
1186 464 1285 542 adas

57 574 296 639 manumissores
318 571 527 656 pertinerent,
550 569 555 653 Ι
576 590 611 633 66
633 570 661 633 61
683 567 736 635 lex
758 568 825 634 lata
847 591 909 636 non
929 576 1027 636 esset:
1040 574 1148 657 itaque
1159 572 1253 636 iures
1357 611 1358 614 =

56 677 283 767 quodammodo
310 668 439 762 poeullii
461 678 543 742 bona
568 676 741 742 latinorum
766 677 806 743 ad
828 681 1074 744 manumissores
1098 677 1252 765 seleges

13 789 26 874 Ι
55 789 218 874 pertinent.
265 784 356 849 Unde
390 784 536 860 aooidit,
558 787 596 848 ut
628 782 722 871 longe
753 783 897 849 differant
929 806 965 850 66
992 786 1081 861 iura,
1114 786 1253 871 quaele

56 899 86 960 11
112 896 202 959 16616
231 892 403 957 latinorum
434 912 471 956 ex
502 890 575 978 lege
605 889 698 956 Iunia
725 893 897 956 constituta
929 897 1017 966 sunt,
1051 893 1056 975 Ι
1089 891 1127 956 61
1154 891 1259 976 116,6,
1273 913 1299 958 ro

55 1022 128 1086 quae
158 1001 195 1064 in
217 999 392 1064 hereditate
416 998 537 1062 rivium
562 995 779 1063 Romanorum
802 996 990 1064 libertorum
1014 999 1230 1064 observantur.

12 1109 24 1196 Ι
53 1108 130 1175 Nam
150 1107 233 1173 civis
250 1105 388 1171 Romani
406 1104 514 1169 liberti
533 1105 691 1169 hereditas
704 1105 743 1170 ad
754 1108 918 1170 extraneos
928 1106 1058 1170 heredes
1069 1108 1194 1190 patroni
1215 1107 1220 1190 Ι
1240 1127 1263 1171 rr

55 1214 139 1280 nullo
170 1213 265 1279 modo
296 1213 449 1298 pertinet,
477 1211 516 1276 ad
540 1209 645 1275 filium
668 1217 776 1276 autem
799 1214 941 1298 patroni,
962 1199 1164 1298 nepoltesque
1188 1233 1273 1297 eru,
1286 1233 1311 1278 rs

56 1319 116 1386 filio
147 1325 181 1385 et
204 1323 390 1405 pronepotes
413 1338 450 1381 ex
473 1323 586 1402 nepote
611 1318 698 1402 [filio
722 1320 806 1402 ueto]
829 1323 1000 1406 prognatos
1021 1319 1026 1405 Ι
1046 1319 1266 1385 omnimodos*

54 1430 204 1514 pertinet,
226 1426 418 1508 6116166116]
438 1429 566 1510 parente
583 1423 701 1488 fuerint
713 1420 922 1504 exhereldat13
936 1425 1109 1490 latinorum
1121 1429 1228 1491 autem
1240 1445 1265 1490 rs

54 1536 148 1606 bona,
182 1538 348 1618 tamquam
374 1529 499 1616 peculia
521 1531 710 1617 servorum}
732 1531 890 1596 etiamad
914 1537 1076 1598 extraneos
1099 1532 1228 1596 heredes
1240 1552 1266 1596 rs

54 1643 228 1727 pertinent,
261 1644 293 1704 et
324 1637 362 1702 ad
393 1632 517 1701 libelros
547 1635 807 1724 manumissoris]
836 1639 1039 1704 exheredatos
1069 1659 1132 1704 non
1160 1659 1227 1724 per·
1240 1660 1265 1704 rr

53 1749 163 1814 tinent.

10 1863 25 1938 l)
95 1854 181 1920 Item
214 1853 288 1918 riuis
321 1852 449 1915 Romani
479 1852 616 1930 literii³>
650 1850 807 1916 hereditas
839 1853 878 1917 61
905 1853 983 1918 duos
1005 1852 1152 1938 pluresve
1175 1872 1267 1938 pa-rs

54 1967 158 2028 tronos
185 1960 371 2047 aequalliter
391 1961 544 2045 pertinet,
568 1957 644 2022 lieet
673 1958 778 2042 dispar
800 1960 834 2022 in
854 1979 889 2024 eo
909 1979 999 2024 servo
1019 1959 1196 2024 dominium
1217 1960 1222 2042 Ι
1243 1979 1268 2023 ro

53 2071 242 2144 habuerint,
275 2068 355 2132 bona
385 2087 459 2132 vero
486 2064 659 2130 latinorum
691 2085 747 2149 pro
778 2086 815 2131 ea
845 2070 933 2151 parte
958 2063 1145 2156 perltinent,
1169 2086 1272 2151 proso,
1285 2085 1309 2129 n

50 2198 109 2263 qua
130 2179 224 2262 parte
247 2177 379 2261 quisque
403 2193 512 2238 eorum
536 2171 683 2237 dominus
705 2173 823 2254 1161111.
1241 2193 1267 2236 ss

9 2281 22 2366 Ι
92 2283 179 2349 Item
203 2283 237 2347 in
260 2280 436 2346 hereditate
460 2281 551 2366 61116,
564 2278 701 2344 Romani
724 2278 834 2342 liberti
852 2282 1002 2362 patronus
1023 2277 1164 2361 alteritus
1177 2299 1268 2363 pa-as

51 2393 132 2457 troni
156 2389 263 2453 filium
288 2387 447 2462 excludit,
473 2391 506 2451 et
529 2383 614 2449 filius
633 2386 757 2470 patroni
779 2383 920 2466 allterius
939 2387 1064 2469 patroni
1082 2389 1269 2470 nepotemas

50 2497 194 2583 repellit,
228 2496 309 2560 bona
340 2499 445 2558 autem
479 2490 670 2570 lalltinorum
700 2497 731 2555 et
755 2491 794 2555 61
817 2493 923 2576 ipsum
946 2495 1115 2575 patronum
1140 2497 1172 2556 61
1195 2492 1235 2556 61
1257 2485 1348 2556 5142

49 2604 214 2689 [u]lterius
227 2603 357 2689 paitroni
369 2599 517 2665 heredem
530 2598 629 2662 simul
641 2599 809 2682 pertinent,
820 2618 875 2682 pro
888 2618 950 2682 qua
961 2602 1050 2682 parte
1061 2598 1100 2663 ad
1115 2600 1234 2701 iplsum
1245 2619 1283 2676 aa
1298 2581 1370 2670 9¹''ll

9 2715 19 2792 Ι
50 2711 319 2776 manumissorem
342 2709 520 2792 pertineret.
568 2704 649 2769 Item
675 2706 702 2768 si
722 2705 816 2768 unius
837 2705 841 2787 Ι
863 2705 986 2788 patroni
1006 2708 1069 2768 tres
1087 2704 1167 2769 forte
1190 2704 1258 2769 li·s

49 2818 117 2882 beri
149 2820 224 2880 sunt
256 2820 288 2879 61
316 2813 448 2879 61161166
477 2833 572 2889 unus,
596 2811 779 2894 {hereditas
808 2812 887 2874 aivis
910 2808 1046 2875 Romani
1069 2810 1178 2875 liberti
1199 2813 1257 2877 ins

50 2925 158 3009 capita
189 2921 364 2996 dividitur,
393 2919 426 2984 id
449 2924 514 2995 est,
540 2922 603 2982 tres
624 2917 629 3003 Ι
649 2917 762 2981 fratres
786 2921 849 2981 tres
872 2917 1030 3000 portiones
1053 2917 1177 2994 ferunt,
1203 2923 1259 2984 eto

49 3051 134 3095 unus
167 3034 330 3114 quartam;
353 3025 460 3115 lbona
491 3044 565 3091 vero
593 3023 763 3088 latinorum
797 3044 852 3107 pro
878 3043 914 3088 ea
937 3029 1025 3107 parte
1050 3025 1089 3089 ad
1112 3045 1257 3091 sueres-r

50 3161 135 3205 sores
156 3139 162 3222 Ι
183 3137 356 3222 pertinent,
381 3154 437 3220 pro
461 3153 523 3218 qua
544 3135 634 3216 parte
657 3130 697 3195 61
720 3133 825 3216 ipsum
851 3131 1116 3198 manumissorem
1137 3130 1142 3219 Ι
1162 3153 1291 3219 per-a,a

51 3247 200 3310 tinerent.

46 3506 125 3551 mus,
152 3483 225 3538 ratio
249 3497 304 3535 non
330 3479 459 3548 apparet,
485 3494 534 3531 our
552 3492 607 3530 non
626 3473 721 3529 liberti
739 3474 812 3528 bonu
828 3476 941 3543 possent
957 3476 1166 3529 manumissionis
1187 3477 1242 3529 iure

46 3579 82 3632 ad
101 3578 255 3648 patronum
274 3569 421 3643 portinere.

84 3677 115 3746 1)
137 3673 180 3729 (tr
201 3661 239 3741 b‘p
258 3690 296 3723 =
314 3669 448 3724 bonorum
469 3663 676 3736 possessionem.
715 3660 769 3715 Sed
784 3663 880 3730 aperte
894 3681 913 3732 p
929 3661 1025 3716 littera
1041 3661 1172 3718 mendose
1189 3661 1240 3718 ite·

43 3769 107 3820 1616
127 3765 180 3818 est.

83 3856 113 3926 2)
134 3851 248 3923 (voluit)
266 3849 297 3904 0.

83 3947 114 4016 3)
136 3943 180 3998 Or
198 3939 325 4005 »sorib.”,
340 3937 420 4006 quasi
436 3935 557 3990 »6611116
570 3932 729 3990 hereditas'’
744 3933 992 3990 seribendafuerit.
1021 3935 1094 3992 Puta
1104 3933 1239 4008 seriptum

46 4036 149 4090 tuisse:
174 4033 196 4087 G
205 4034 228 4086 S
235 4033 269 4086 R.
289 4032 333 4084 ao.

84 4125 113 4190 1)
136 4141 218 4194 »pag
236 4119 352 4178 interior
370 4117 451 4173 facile
470 4113 599 4188 legitur.”
