2916 4604
463 115 467 122 Δ
499 49 554 109 su
576 34 632 104 ΠΙ.
656 38 692 124 ὃς
717 35 815 104 1,-4,
860 94 863 98 .
1185 39 1252 106 169
1336 73 1339 80 ·

1191 195 1369 296 latio

1201 325 1279 392 .(v.
1292 320 1389 410 t-si)

12 433 21 512 l
129 427 378 501 Intestatorum
422 438 538 500 autem
570 401 783 532 hereditates
821 429 902 527 lege
939 430 1020 502 XII
1058 428 1257 499 tabularmn

12 545 17 620 l
67 541 218 635 primum
253 540 298 611 ad
332 567 414 612 suos
447 539 595 614 heredes
627 525 816 638 pertinent.
871 541 937 614 Sui
962 552 1079 632 autem
1104 540 1253 612 heredes

69 654 311 724 existimantur
320 660 405 744 [ut
425 664 460 727 et
472 654 741 753 supradiximus
751 662 776 746 ‚]
792 655 819 738 ll
835 651 940 728 liberi
954 657 1014 753 qni
1028 657 1064 725 in
1076 663 1251 750 potestate

70 768 253 838 morientis
286 767 435 854 suerint,
470 767 578 838 veluti
604 768 698 839 lilius
722 767 863 862 filiave,
891 794 1001 866 nepos
1028 769 1185 863 neptisve
1212 793 1254 838 ex

67 877 160 972 filio,
194 905 370 976 pronepos
403 882 628 978 proneptisve
663 907 706 952 ex
731 892 859 978 nepote
884 882 960 953 lilio
987 892 1070 952 nato
1096 907 1255 978 progna·

69 1001 125 1062 tus
152 1003 387 1090 prognatave:
420 1019 485 1064 neo
516 995 663 1066 interest
692 1004 809 1066 utrum
844 995 1022 1067 naturales
1052 996 1125 1066 sint
1147 992 1252 1064 liberi
1285 1085 1289 1092 .

69 1131 115 1174 an
149 1104 324 1203 adoptivi:
350 1107 397 1176 ita
420 1106 562 1178 demum
590 1119 710 1195 tamen
734 1135 843 1205 nepos
870 1109 1029 1204 neptisve
1056 1117 1091 1177 et
1114 1131 1255 1204 prone-

66 1245 132 1314 pos
163 1221 387 1316 proneptisve
413 1247 555 1290 suornm
581 1220 752 1292 heredum
778 1248 925 1292 numero
953 1230 1059 1309 sunt,
1086 1221 1115 1290 si
1140 1245 1254 1316 prae·-

69 1331 203 1402 eedens
236 1359 387 1430 persona
418 1333 563 1414 desierit
594 1333 631 1403 in
666 1344 840 1432 potestate
870 1335 1028 1431 parentis
1055 1351 1154 1426 esse,
1179 1333 1254 1403 sive

66 1454 183 1515 morte
204 1445 239 1516 id
263 1445 457 1534 acciderit,
479 1449 553 1518 sive
574 1447 643 1518 alia
661 1449 817 1541 ratione,
830 1447 939 1517 veluti
953 1445 1255 1541 emancipatione3

65 1583 147 1626 nam
177 1560 207 1628 si
231 1586 295 1656 per
320 1559 357 1631 id
382 1572 537 1658 tempus,
562 1587 633 1658 quo
658 1563 737 1659 quis
763 1563 929 1646 moritur,
955 1559 1050 1628 lilius
1074 1559 1111 1627 in
1138 1567 1254 1654 pote-

64 1681 156 1741 state
190 1675 266 1744 eius
295 1675 357 1766 sit,
388 1701 498 1772 nepos
533 1701 575 1746 ex
609 1700 651 1746 eo
686 1702 768 1746 suus
799 1674 903 1745 lieres
930 1700 1004 1744 esse
1030 1699 1103 1742 non
1127 1682 1253 1769 potest.

63 1783 171 1856 Idem
205 1789 278 1856 et
268 1815 304 1857 ιιι
339 1790 487 1859 caeteris
514 1788 682 1884 deinceps
709 1787 901 1860 liberorum
928 1787 1092 1882 personis
1118 1785 1252 1856 dietum

61 1881 323 1998 intellegemus.
374 1903 475 1972 Uxor
512 1929 653 2001 quoque
695 1929 788 2000 quae
831 1904 868 1971 in
910 1925 1018 1970 manu
1060 1909 1114 1970 est
1125 1900 1164 1994 ²)
1188 1925 1249 1969 sua

64 2011 170 2082 heres
204 2023 279 2102 est,
314 2016 396 2112 quia
424 2012 519 2084 liliae
544 2014 626 2085 loeo
652 2025 722 2100 est3
748 2017 832 2084 item
859 2040 984 2107 nurus,
1009 2013 1161 2110 quaein
1186 2010 1249 2081 lilii

60 2151 172 2196 manu
202 2138 276 2220 est,
311 2154 391 2201 nam
426 2138 461 2197 et
484 2125 573 2197 haee
599 2128 714 2223 neptis
736 2129 819 2199 loco
847 2141 914 2206 est:
942 2125 1006 2197 sed
1034 2127 1083 2196 ita
1110 2125 1250 2196 demum

60 2241 128 2309 erit
164 2267 228 2310 sua
260 2239 379 2324 hereS,
415 2241 444 2310 si
478 2239 593 2333 filius,
618 2242 717 2310 euius
748 2243 785 2310 in
809 2267 915 2310 manu
942 2237 1142 2333 Μῶν),
1170 2265 1250 2308 eum

59 2363 165 2458 pater
193 2356 357 2433 moritur,
384 2354 421 2423 in
445 2362 618 2449 potestate
645 2354 719 2423 eius
745 2379 818 2424 non
844 2353 899 2422 sit.
930 2351 1124 2448 Idemque
1150 2349 1249 2422 dioe-

57 2490 138 2536 mus
175 2477 209 2536 et
242 2466 287 2538 de
323 2494 365 2538 ea
396 2495 487 2566 quae
517 2470 555 2538 in
586 2469 724 2580 nepotis
761 2494 868 2537 manu
903 2463 1118 2538 matrimonii
1144 2471 1251 2536 eausa

61 2581 107 2650 sit
117 2629 133 2668 ,
173 2581 254 2676 quia
288 2583 470 2678 proneptis
509 2580 591 2697 loeo
628 2590 692 2652 est
744 2561 908 2651 Postumi
941 2603 1081 2706 quoquo
1120 2578 1181 2671 qui
1220 2579 1250 2649 si

58 3591 248 3602 Μία-ιι·

93 3714 132 3782 1).
144 3713 231 3768 oeae
249 3711 279 3765 in
298 3711 377 3778 σοι,
397 3714 426 3766 ee
445 3712 539 3767 deesse
558 3713 599 3767 aa
617 3712 731 3782 quidem
750 3713 855 3782 laesa
871 3699 919 3764 aaa
935 3709 970 3764 ef.
981 3710 1024 3777 Π,
1042 3707 1139 3778 §1563
1154 3697 1254 3766 aeaut

52 3805 125 3858 haee
151 3803 249 3868 verba,
277 3820 349 3872 quae
375 3803 404 3858 et
427 3804 496 3858 lust.
522 3789 622 3869 habet,
642 3802 728 3858 Gaius
748 3799 887 3872 scripsisse
908 3798 1041 3861 dicendus
1060 3799 1110 3866 sit,
1130 3803 1181 3854 ant
1200 3801 1255 3856 for·

52 3897 131 3948 tasse
151 3895 203 3947 »ut
222 3893 309 3948 etiam
329 3893 468 3963 superiore
490 3893 857 3949 oommentario'diximus''.

92 3985 121 4046 2)
144 3984 188 4050 (l,:
207 3977 267 4038 eius
285 3987 329 4038 est
348 3985 390 4040 eir
409 3983 458 4040 (to.
478 3985 573 4040 omisit
592 3989 646 4040 eius
665 3987 695 4040 et
713 3987 745 4039 ei.
774 3983 842 4040 Hia:
863 3979 1007 4042 morientis
1026 3980 1084 4047 est,
1106 3979 1139 4034 ei.

91 4076 123 4146 3)
143 4075 188 4132 u:
207 4073 269 4129 erit.
289 4073 438 4135 Husohke:
458 4073 521 4142 fuit
620 4093 650 4127 x
712 4129 715 4136 Δ
