2880 4614
180 50 246 124 268
577 63 666 124 roae·
683 47 731 113 11.:
748 63 805 118 xx.
827 48 863 132 §t
877 45 975 117 1„4‚
1085 103 1091 116 .

180 240 238 311 oui
261 237 435 312 adiciatur
458 235 669 324 fideiussor,
696 234 786 306 adeo
812 234 977 332 quidem,
997 245 1037 305 ut
1052 263 1117 334 pro
1140 263 1245 310 servo
1265 263 1354 333 quo-

178 379 247 451 que
273 351 471 450 obligetur,
498 351 572 422 sive
596 361 782 420 extraneus
807 351 854 421 sit
874 350 934 446 qui
953 348 1198 420 fideiussorem
1221 375 1242 418 a
1261 376 1355 420 servo

181 466 351 562 accipiat,
385 465 457 534 sive
487 466 563 560 ipse
596 462 761 533 dominus
796 465 833 531 in
866 461 903 532 id
938 461 1034 560 quod
1064 463 1132 534 sibi
1158 461 1357 532 naturaliter

179 578 339 652 debetur.
388 579 569 644 Fideiussor
590 598 652 642 non
675 582 802 643 tautum
824 580 894 663 ipse
914 576 1095 665 obligatur,
1116 577 1171 643 sed
1192 580 1290 642 etiam
1306 579 1375 644 hes

182 693 289 758 nedem
302 691 482 778 obligatum
494 691 657 776 relinquit.
691 691 873 756 Fideiussor
889 696 921 755 et
932 691 1117 775 praeoedere
1129 689 1376 776 obligationem

183 803 215 864 et
237 800 326 882 sequi
348 802 462 882 potest.
510 797 551 868 si
576 795 695 892 plures
715 798 786 866 sint
804 794 1052 888 fideiussores,
1070 804 1245 892 quotquot
1262 806 1380 864 crunti

181 933 348 1002 numero,
373 909 505 1008 singuli
530 912 567 980 iu
593 908 745 980 solidum
771 916 944 978 tenentur.
997 910 1115 1004 itaque
1139 905 1291 976 liberum
1313 917 1363 976 est

182 1021 349 1094 creditori
374 1050 393 1093 a
420 1047 490 1119 quo
515 1020 601 1092 velit
625 1020 777 1092 solidum
803 1032 933 1120 petere.
972 1020 1035 1093 sed
1062 1045 1103 1090 ex
1122 1021 1272 1116 epistula
1292 1019 1361 1091 divi

179 1134 355 1207 Hadriani
391 1134 613 1231 compellitur
638 1133 795 1204 creditor
820 1161 840 1204 a
866 1133 1035 1234 singulis,
1061 1135 1121 1231 qui
1148 1132 1254 1204 modo
1282 1134 1362 1204 sol-

183 1246 299 1320 vendo
333 1251 404 1319 sint
433 1250 502 1315 litis
525 1254 717 1315 contestatae
739 1253 881 1336 tempore
906 1259 1023 1348 partes
1048 1257 1178 1344 petere.
1214 1245 1363 1344 ideoque

184 1362 213 1432 si
249 1363 328 1459 quis
362 1389 404 1433 ex
437 1357 705 1433 fideiussoribus
739 1383 774 1428 eo
813 1367 955 1448 tempore
988 1359 1160 1433 solvendo
1196 1387 1269 1430 nou
1301 1361 1362 1446 sit,

183 1474 253 1547 hoc
281 1486 439 1549 caeteros
466 1485 599 1547 onerat.
