2880 4614
551 6 634 73 1111.
681 0 711 55 Ι
735 7 825 59 111111.
849 24 881 48 κ
921 20 996 57 -.

183 195 314 262 gamus,
335 179 363 241 11
386 175 488 241 alieno
509 178 639 242 arbitrio
658 200 777 245 meroes
797 185 951 266 permissa
967 182 1073 246 firsrit.
1108 182 1189 274 Qua
1203 181 1245 250 de
1259 208 1351 252 causa

181 287 211 355 si
251 285 378 356 fulloni
415 285 582 382 poliendo
618 290 817 361 curandave
852 304 911 363 aut
945 295 1153 364 sarcinatori
1180 295 1352 364 sarcienda

180 401 387 469 vestimenta
421 402 499 498 quis
535 400 672 471 dederit
699 404 793 474 nulla
820 407 936 475 statim
963 406 1126 477 mercede
1154 409 1352 492 constituta,

181 511 242 580 sed
268 523 390 608 postea
417 524 550 583 tantum
576 511 741 608 daturus,
767 529 937 614 qnantum
955 520 1047 588 inter
1066 545 1127 590 eos
1148 523 1353 590 convenerit.

187 646 248 692 non
272 630 396 712 proprie
418 626 533 692 locatio
557 634 588 692 et
607 631 773 696 conductio
793 633 935 697 contrahi
953 633 1170 721 intellegitur,
1194 635 1353 698 sedeone

182 737 269 799 mine
303 735 504 816 praescriptis
538 735 643 799 vorbis
678 742 759 802 11111
791 740 893 803 datur.
941 739 1106 805 Praeterea
1141 745 1225 805 siout
1261 739 1369 825 vulgos

183 841 407 926 quaerebatur,
440 859 479 902 an
510 845 701 922 permutatis
725 845 818 908 rebus
843 848 962 928 emptio
988 852 1019 909 11
1042 847 1184 910 venditio
1209 843 1355 909 contrahi·

185 953 253 1011 tur:
290 948 336 1010 111
370 947 478 1029 quaeri
512 945 633 1011 solebat
660 949 698 1012 de
729 949 884 1014 locatione
914 956 945 1014 et
974 952 1200 1026 conductione,
1235 953 1262 1014 11
1287 949 1356 1012 forte

184 1074 250 1118 rem
283 1051 423 1135 aliquam
456 1052 517 1115 tibi
546 1053 696 1118 utendam
727 1057 794 1121 sive
824 1056 990 1120 fruendam
1019 1058 1089 1140 quis
1114 1057 1236 1120 dederit
1260 1059 1292 1118 11
1314 1057 1353 1116 in-

183 1159 287 1224 vicem
321 1177 339 1220 1
370 1162 401 1221 11
432 1155 528 1220 aliam
558 1159 711 1223 utendam
743 1163 810 1225 sive
843 1162 1009 1227 fruendam
1033 1164 1196 1245 acceperit.
1246 1167 1279 1225 et
1303 1158 1358 1244 pla

184 1265 251 1327 cuit
272 1284 335 1327 non
358 1283 424 1326 1111
447 1262 634 1328 locationem
661 1271 692 1328 et
716 1267 975 1340 conductionem,
1000 1267 1053 1332 sed
1077 1270 1239 1352 proprium
1267 1286 1358 1353 genus

184 1389 249 1433 1111
281 1374 470 1434 contractus.
517 1369 619 1435 veluti
650 1372 695 1448 11,
727 1392 799 1436 curn
824 1395 924 1438 unum
949 1375 1019 1457 quis
1042 1374 1157 1437 bovem
1182 1373 1314 1437 haberet
1333 1379 1358 1433 11

183 1477 307 1540 vicinus
337 1477 403 1540 eius
434 1496 549 1552 unum,
584 1475 737 1560 placuerit
769 1479 852 1541 inter
876 1499 946 1560 eos,
971 1482 1007 1541 ut
1032 1499 1087 1562 per
1111 1478 1206 1542 denos
1230 1479 1299 1541 dies
1321 1469 1359 1538 in-

144 1646 147 1652 ,
185 1583 288 1645 vicem
319 1583 414 1645 boves
446 1582 699 1664 commodarent,
724 1589 761 1646 ut
783 1604 861 1667 opus
885 1584 1039 1658 facerent,
1065 1589 1097 1646 et
1120 1584 1204 1666 apud
1229 1583 1359 1646 altemm

183 1688 239 1751 bos
270 1689 382 1770 periit:
415 1707 515 1770 neque
545 1686 641 1752 locati
671 1689 724 1753 vel
756 1691 902 1755 conducti
933 1711 1033 1774 neque
1065 1689 1262 1753 commodati
1286 1709 1360 1751 com-

183 1795 265 1876 petit
285 1794 385 1866 actio,
409 1795 483 1876 quia
503 1813 566 1856 non
586 1793 649 1858 fuit
669 1799 850 1882 gratuitum
872 1795 1128 1870 commodatum,
1149 1815 1264 1858 verum
1281 1813 1359 1878 prae

184 1900 309 1982 seriptis
332 1898 436 1963 verbis
460 1898 619 1985 agendum
644 1906 699 1965 est.
740 1899 845 1970 Adeo
872 1912 987 1970 autem
1011 1898 1286 1969 familiaritatem
1306 1896 1376 1967 ali-s

182 2037 287 2107 quam
322 2013 415 2081 inter
448 2038 485 2082 se
517 2011 649 2083 habere
676 2009 836 2082 videntur
862 2015 992 2108 emptio
1019 2022 1053 2081 et
1079 2011 1258 2094 venditio,
1286 2013 1359 2080 item

181 2121 312 2194 locatio
349 2137 383 2196 et
417 2125 627 2210 conductio,
657 2126 756 2194 utin
784 2125 995 2223 quibusdam
1022 2126 1137 2195 causis
1163 2124 1288 2221 quaeri
1312 2148 1358 2192 so·

182 2235 273 2330 leat,
298 2250 412 2308 utrum
441 2240 570 2334 emptio
597 2248 631 2306 et
656 2237 813 2308 venditio
842 2238 1088 2330 contrahatur,
1113 2264 1158 2306 an
1179 2237 1311 2306 locatio
1331 2244 1359 2303 et

183 2350 383 2422 conductio.
425 2361 463 2421 ut
488 2376 572 2420 1111
599 2349 642 2420 de
664 2350 834 2447 praediis,
855 2378 945 2449 quae
963 2361 1132 2447 perpetuo
1152 2348 1356 2447 quibusdam

180 2463 328 2533 fruenda
355 2465 557 2557 traduntur,
607 2464 642 2533 id
671 2475 805 2557 estut,
831 2464 1000 2562 quamdiu
1024 2464 1149 2558 pensio
1174 2463 1247 2530 sive
1275 2459 1356 2529 redi·

181 2585 236 2644 tus
256 2601 320 2671 pro
340 2574 396 2646 his
418 2575 562 2647 domino
583 2588 795 2672 praestetur,
815 2602 928 2674 neque
944 2578 1011 2672 ipsi
1026 2573 1233 2646 conductori
1251 2598 1356 2668 neque

181 2687 303 2759 heredi
337 2691 432 2774 eius,
468 2694 559 2756 cuive
591 2691 761 2756 conductor
791 2692 921 2756 heresve
953 2695 1021 2756 eius
1042 2691 1076 2755 id
1098 2689 1264 2776 praedium
1290 2707 1355 2752 ven-

182 2803 298 2868 diderit
321 2809 377 2867 aut
401 2805 564 2869 donaverit
588 2807 643 2867 aut
667 2804 751 2877 dotis
773 2806 902 2869 nomine
921 2804 1043 2870 dederit
1063 2802 1166 2868 aliove
1185 2821 1247 2885 quo
1269 2799 1353 2884 modo

177 2909 381 2992 alienaverit,
414 2909 534 2974 1111111
558 2909 662 2974 liceat.
710 2911 764 2974 sed
789 2909 863 2974 talis
887 2915 1081 2985 contractus,
1107 2911 1181 2992 quia
1203 2909 1289 2970 inter
1312 2926 1354 2970 ve·

181 3022 262 3081 teres
292 3016 497 3080 dubitabatur
528 3021 559 3079 11
592 3036 610 3079 1
640 3017 830 3099 quibusdam
862 3016 995 3088 locatio,
1033 3013 1266 3098 aquibusdam
1288 3032 1352 3076 ven-

180 3124 259 3188 ditio
287 3122 546 3186 existimabatur:
580 3121 633 3186 1111
664 3121 842 3186 Zenoniana
873 3122 938 3187 lata
967 3127 1028 3196 ost,
1063 3141 1142 3204 quae
1173 3118 1351 3204 emphyteu-

180 3249 248 3294 seos
279 3230 454 3292 contractui
484 3230 645 3312 propriam
677 3231 791 3292 statuit
814 3234 960 3291 naturam
983 3247 1084 3310 neque
1109 3227 1147 3290 ad
1172 3225 1351 3289 locationem

179 3354 279 3418 neque
303 3333 342 3397 ad
365 3334 577 3399 venditionem
604 3334 830 3415 inclinantem,
852 3333 905 3397 sed
926 3336 991 3397 suis
1011 3332 1212 3417 pactionibus
1231 3329 1350 3394 fulcien-

180 3440 271 3522 dam,
296 3444 327 3502 et
352 3442 378 3506 si
402 3439 531 3526 quidem
555 3439 677 3525 aliquid
699 3445 830 3525 pactum
854 3440 967 3514 fuerit,
992 3439 1051 3504 hoc
1074 3441 1121 3502 111
1145 3440 1302 3522 optinere,
1321 3454 1348 3497 ao

178 3547 205 3612 si
236 3543 392 3618 naturalis
420 3552 501 3609 11111
529 3550 721 3615 contractus.
755 3548 804 3610 sin
838 3556 945 3608 autem
977 3543 1060 3612 nihil
1087 3544 1126 3608 de
1150 3541 1291 3628 periculo
1311 3539 1348 3602 rei

178 3653 275 3718 fuerit
306 3657 454 3737 pactum,
487 3657 563 3716 tunc
594 3653 622 3715 si
653 3651 782 3734 quidem
809 3651 909 3714 totins
933 3651 979 3714 rei
1002 3651 1152 3714 interitus
1178 3646 1345 3714 1111111111,

179 3757 218 3822 ad
248 3758 415 3826 dominum
445 3777 538 3842 super
561 3757 620 3823 hoc
643 3756 817 3821 redundare
840 3754 1038 3842 periculum,
1063 3757 1112 3822 sin
1136 3753 1342 3840 patronicia,

177 3865 216 3928 ad
229 3863 553 3950 emphyteuticarium
566 3862 749 3925 huiusmodi
762 3861 914 3926 damnum
926 3865 1051 3929 venire·
1070 3881 1132 3947 quo
1145 3863 1216 3925 iure
1224 3861 1343 3924 utimur.

173 3969 265 4039 Item
299 3965 498 4062 quaeritur,
531 3965 560 4034 si
595 3991 675 4036 eum
709 3965 855 4037 aurifice
890 3967 988 4037 Titio
1015 3965 1242 4058 convenerit,
1266 3972 1300 4033 ut
1321 3961 1361 4029 iss
