2880 4614
184 17 252 84 254
535 35 620 88 rosr.
643 15 700 88 111.
724 38 793 86 mx.
816 16 1012 106 §512-19.

182 211 329 280 trodneta
356 214 420 290 est,
452 229 550 294 quam
582 210 621 276 ad
647 207 868 278 Gaesareenses
892 212 1059 280 advocatos
1082 213 1285 300 scripsimus,
1306 233 1355 298 per

182 338 279 402 quam
310 319 524 404 disposuimus
558 315 638 382 tales
673 319 862 404 scripturas,
899 339 979 403 quae
1008 325 1133 404 praesto
1162 341 1230 386 esse
1260 325 1355 405 partes

179 424 337 510 indicant,
361 422 543 489 omnimodo
563 442 629 488 esse
652 422 841 508 eradendas,
861 426 923 488 nisi
943 427 1027 511 ipse,
1047 425 1102 512 qui
1119 427 1240 492 talibus
1260 428 1355 492 utitur

181 530 336 614 improbis
365 529 629 618 allegationibus,
659 529 928 596 manifestissimis
955 532 1194 616 probationibus
1227 531 1278 600 vel
1308 552 1356 616 per

181 636 371 720 scripturam
393 634 447 702 rel
468 655 524 719 per
546 639 642 700 testes
666 636 795 700 idoneos
817 637 1038 722 approbaverit
1060 639 1184 726 inipso
1206 643 1273 704 toto
1293 637 1355 714 die,

180 761 243 826 quo
266 739 489 809 eonfioiebatur
509 743 782 828 instrumentum,
805 762 872 808 sese
896 741 950 810 vel
969 743 1188 812 adversarium
1211 766 1306 811 suum
1327 746 1358 807 in

112 850 115 858 '
180 845 253 914 aliis
281 847 360 916 loeis
390 867 467 914 esse.
512 847 591 914 Post
621 851 758 913 mortem
788 868 880 914 suam
911 848 979 914 dari
1009 851 1072 916 sibi
1098 873 1194 918 nemo
1216 850 1385 938 stipularis

180 959 321 1040 poterat,
345 975 409 1020 non
431 955 545 1041 magis.
562 973 659 1038 qnam
679 958 751 1040 post
774 956 842 1020 eius
866 959 1003 1021 mortem
1021 975 1040 1020 a
1059 977 1121 1042 quo
1138 956 1356 1044 stipulabatur.

181 1081 217 1126 ao
246 1083 287 1127 ne
313 1064 356 1143 is,
386 1063 442 1146 qui
471 1061 507 1126 in
537 1059 673 1126 alienius
695 1065 852 1146 potestate
876 1066 941 1140 est,
964 1066 1196 1150 postmortem
1218 1066 1287 1130 eius
1308 1065 1358 1130 sti·

6 1165 10 1186 '
120 1156 122 1161 ’
180 1165 286 1252 pulari
308 1172 447 1254 poterat,
474 1168 549 1251 quia
571 1169 672 1252 patris
695 1166 750 1234 vel
772 1167 895 1233 domini
917 1189 994 1236 vooe
1016 1167 1105 1255 loqui
1123 1171 1260 1238 videtur.
1306 1167 1356 1235 sed

182 1278 215 1338 et
236 1275 265 1339 si
287 1277 359 1359 quis
380 1275 428 1338 ita
449 1272 639 1359 stipuletur,
664 1273 776 1359 ‘pridie
799 1294 896 1359 quam
917 1275 1043 1343 moriar'
1061 1275 1115 1344 rel
1139 1277 1248 1362 pridie
1268 1293 1359 1361 qnam

180 1380 326 1445 morieris
356 1376 453 1444 daril'
483 1378 609 1444 inutilis
639 1383 707 1446 erat
737 1380 912 1465 stipulatio.
958 1382 1013 1448 sed
1043 1401 1136 1459 eum,
1168 1385 1299 1448 utiam
1318 1381 1360 1445 di·

183 1489 273 1550 etum
299 1490 366 1571 est,
389 1506 428 1550 er
451 1490 603 1551 consensu
627 1485 883 1552 contrahentium
907 1487 1129 1574 stipulationes
1151 1488 1275 1574 valent,
1298 1485 1359 1573 pla·

182 1592 250 1656 ouit
280 1591 371 1658 nobis
401 1593 500 1657 etiam
522 1592 557 1654 in
579 1591 665 1655 huno
687 1592 768 1656 iuris
791 1591 964 1658 ertieulum
986 1595 1194 1660 neeessariam
1216 1594 1360 1690 induente

185 1698 457 1776 emendationem,
481 1702 532 1781 ut,
556 1699 624 1764 sive
646 1701 718 1783 post
740 1702 879 1764 mortem
898 1701 966 1766 sire
984 1697 1086 1785 pridie
1105 1721 1200 1786 quam
1211 1703 1361 1766 morietur

183 1802 353 1890 stipulator
383 1805 451 1871 sive
480 1805 653 1890 promissor
683 1803 847 1889 stipulatio
877 1811 1027 1891 consepta
1048 1811 1114 1886 est,
1138 1805 1245 1873 valeat
1267 1809 1360 1893 stipu-

182 1908 271 1974 latio.
319 1909 401 1974 ltem
432 1912 461 1975 si
491 1911 562 1995 quis
589 1910 638 1975 ita
668 1908 840 1995 stipulatus
863 1916 946 1981 erat:
972 1914 1010 1978 ‘si
1032 1915 1125 1980 naris
1148 1935 1188 1979 ex
1209 1913 1286 1979 Asia
1308 1932 1385 1980 reo

146 2026 154 2034 '
183 2017 284 2092 nerit,
318 2014 413 2081 hodie
441 2017 515 2082 dare
545 2013 708 2102 spondesl’
734 2015 860 2082 inutilis
883 2022 950 2083 erat
972 2017 1157 2104 stipulatio,
1183 2021 1258 2103 quia
1279 2040 1361 2105 prae·

180 2134 304 2209 pestere
338 2127 487 2208 oonoepta
520 2126 577 2188 est.
624 2122 680 2189 sed
709 2143 785 2191 oum
814 2123 879 2189 Leo
908 2123 1048 2210 inclytae
1080 2124 1304 2192 reeordationis
1325 2126 1357 2188 in

183 2229 310 2294 dotibus
339 2229 472 2295 eandem
503 2227 761 2314 stipulationem,
798 2249 878 2313 quae
911 2235 1111 2316 praepostera
1143 2235 1357 2317 nuncupatur,

181 2354 245 2400 non
275 2355 342 2400 esse
370 2335 564 2401 reiciendam
595 2336 811 2410 existimarit,
841 2337 933 2402 nobis
962 2337 1084 2423 plaeuit
1110 2341 1143 2402 et
1169 2335 1246 2402 huie
1266 2338 1359 2423 perfe-

183 2445 271 2506 etum
290 2441 387 2507 robur
407 2441 645 2509 aeeommodare
657 2488 666 2521 ,
690 2446 729 2505 ut
750 2462 812 2506 non
835 2441 938 2507 solum
960 2446 996 2507 in
1019 2443 1164 2522 dotibus,
1189 2442 1245 2508 sed
1267 2445 1359 2508 etiam

184 2547 219 2610 in
241 2547 390 2612 omnibus
414 2547 521 2614 valeat
542 2546 729 2614 huiusmodi
745 2550 907 2633 oonoeptio
926 2549 1151 2636 stipulationis.
1187 2548 1238 2614 lta
1257 2555 1385 2616 autema

183 2657 333 2739 ooneepta
361 2653 547 2739 stipulatio,
578 2652 683 2719 veluti
712 2655 740 2718 si
771 2651 877 2719 Titius
905 2655 990 2721 dieat
1020 2658 1106 2722 ‘oum
1133 2659 1267 2738 moriar,
1291 2657 1358 2722 dare

184 2757 349 2846 spondest’
383 2758 437 2824 vel
472 2767 557 2824 ‘eum
591 2759 761 2837 morieris’,
793 2765 826 2824 et
855 2762 939 2846 apud
968 2767 1091 2829 veteres
1120 2762 1212 2828 utilis
1238 2767 1304 2828 erat
1332 2767 1360 2824 et

183 2886 267 2931 nuno
298 2863 395 2930 valet.
441 2863 525 2929 Item
555 2869 626 2949 post
656 2869 793 2930 mortem
824 2865 955 2932 alterius
984 2872 1068 2934 reete
1088 2870 1291 2954 stipulamur.
1323 2864 1412 2940 Siren

185 2973 341 3056 seriptum
363 2969 518 3034 fueritin
542 2972 754 3036 instrumento
776 2973 958 3057 promisisse
981 2974 1138 3060 aliquem,
1160 2975 1291 3061 perinde
1311 2974 1359 3038 ha

183 3077 294 3154 betur,
319 3079 413 3159 atque
436 3077 465 3139 si
487 3077 734 3163 interrogatione
757 3078 962 3163 praecedente
983 3101 1169 3167 responsum
1192 3083 1246 3147 sit.
1282 3079 1383 3159 Quos

6 3257 8 3264 y
75 3177 77 3182 ’
185 3184 269 3247 tiens
299 3181 405 3266 plures
433 3203 483 3247 res
514 3202 579 3247 una
608 3182 814 3268 stipulatione
837 3186 1163 3272 comprehenduntur,
1187 3189 1215 3253 si
1238 3187 1359 3272 quidem

184 3287 357 3378 promissor
387 3285 577 3371 simpliciter
605 3289 792 3375 respondeat
821 3290 906 3356 ‘dare
929 3293 1087 3378 sponde0’‚
1108 3298 1239 3380 propter
1258 3311 1360 3359 omnes

184 3399 328 3462 tenetur:
353 3392 380 3455 si
402 3412 477 3458 vero
499 3413 597 3458 unam
621 3415 660 3459 ex
682 3394 733 3459 his
755 3395 809 3461 vel
831 3397 984 3481 quasdam
1005 3398 1156 3464 daturum
1179 3421 1213 3466 se
1237 3417 1360 3485 spopon-

185 3503 283 3582 derit,
317 3496 472 3585 obligatio
501 3498 535 3562 in
561 3499 613 3564 his
635 3520 691 3584 pro
715 3501 830 3585 quibus
853 3503 1055 3588 spoponderit
1077 3505 1284 3570 contrahitur.
1328 3525 1361 3568 er

184 3607 330 3693 pluribus
360 3603 447 3669 enim
477 3604 736 3690 stipulationibus
766 3627 830 3672 una
859 3608 914 3674 rel
943 3610 1098 3694 quaedam
1128 3611 1279 3678 videntur
1301 3630 1360 3675 esse

185 3713 358 3798 perfectae:
383 3709 526 3798 singulas
548 3710 635 3776 enim
657 3731 707 3776 res
728 3712 885 3799 stipulari·
899 3719 931 3780 et
954 3707 994 3780 ad
1016 3716 1160 3804 singulas
1183 3717 1360 3805 respondere

187 3816 348 3882 debemus.
395 3815 498 3881 Alteri
527 3815 693 3901 stipulari,
717 3823 755 3882 ut
778 3839 872 3904 supra
895 3820 1018 3886 dietum
1040 3826 1104 3896 est,
1128 3845 1224 3890 nemo
1246 3826 1384 3908 potestne

179 3911 336 3987 'inventae
358 3926 433 3985 sunt
455 3921 541 3986 enim
561 3921 746 3987 huiusmodi
764 3923 973 4011 obligationes
989 3927 1030 3992 ed
1046 3927 1122 4006 hoo,
1143 3934 1182 3994 ut
1200 3927 1359 4016 unusquis

189 4048 250 4112 que
273 4027 335 4092 sibi
358 4025 504 4109 adquirat
527 4027 610 4110 quod
631 4047 688 4092 sua
708 4028 856 4095 interest:
872 4037 1032 4098 caeterum
1051 4035 1079 4099 si
1098 4033 1154 4100 alii
1167 4036 1276 4117 detur,
1288 4031 1359 4100 nihil
