2880 4614
542 60 627 108 mar.
652 42 709 108 ΙΠ.
733 62 779 108 xr.
802 63 848 130 pr.
873 41 1020 127 §tl-3.

748 248 805 314 XI.

274 415 324 474 DE
346 416 394 474 EO
416 417 478 474 cul
498 416 725 476 LIBERTATIS
745 417 866 476 CAUSA
885 416 991 476 BONA
1012 417 1265 476 ADDIOUNTUR.

148 667 150 670 Ι
225 582 366 645 Accessit
388 602 490 646 novus
514 601 604 645 casus
626 581 831 645 successionis
855 601 893 644 ex
913 581 1138 644 constitutione
1158 581 1224 644 divi
1243 579 1352 643 Marci.

178 707 253 750 nam
279 687 306 750 si
329 686 380 764 hi,
406 681 460 772 qui
483 687 666 752 libertatern
690 691 876 772 acceperunt
899 707 918 750 a
941 685 1071 760 domino
1094 689 1128 750 in
1152 691 1354 766 testamento,

15 801 19 808 “
135 793 136 798 ’
178 811 217 856 ex
243 801 308 876 'quo
336 813 399 857 non
431 793 537 857 aditur
568 786 744 877 hereditas,
776 793 877 859 velint
908 793 990 857 bona
1018 793 1080 857 sibi
1104 793 1208 857 addici
1229 793 1355 857 liberta

177 899 260 961 tium
296 899 578 964 conservandarum
607 921 717 984 causa,
750 901 932 964 audiuntur.
982 903 1013 964 et
1042 903 1089 964 ita
1115 885 1355 983 rescripto'divi

175 1002 279 1068 Marci
309 1005 349 1070 ad
379 1005 542 1090 Popilium
571 1005 693 1070 Rufum
724 1009 912 1071 continetur.
960 1005 1063 1070 Verba
1085 1007 1231 1090 rescripti
1253 1007 1302 1068 ita
1324 1024 1374 1067 ser

27 1099 31 1108 ’
101 1175 102 1178 ,
175 1109 307 1202 habent:
347 1109 391 1176 ‘Si
425 1110 571 1199 Virginio
606 1111 753 1189 Valenti,
789 1114 844 1197 qui
878 1115 1068 1176 testamento
1092 1132 1149 1176 suo
1176 1110 1355 1174 libertatem

105 1213 107 1220 ’
177 1217 370 1301 quibusdam·
398 1217 580 1302 adscripsit,
612 1222 737 1284 nemine
769 1229 944 1283 successore
968 1218 1006 1282 ab
1030 1221 1180 1282 intestato
1203 1219 1356 1280 existente

177 1325 213 1386 in
243 1343 280 1387 ea
310 1344 404 1388 causa
427 1325 508 1388 bona
529 1345 594 1388 esee
617 1329 801 1409 coeperunt,
828 1330 865 1388 ut
888 1327 996 1388 venire
1020 1324 1171 1388 debeant:
1191 1325 1239 1398 is,
1266 1323 1356 1386 cuius

177 1427 215 1492 de
247 1447 283 1492 ea
313 1451 347 1494 re
375 1431 466 1494 notio
498 1435 562 1508 est,
595 1430 700 1495 aditus
728 1433 883 1496 rationem
904 1430 1053 1494 desiderii
1075 1431 1124 1492 tui
1147 1428 1295 1504 habebit,
1320 1432 1356 1490 ut

175 1532 371 1600 libertatium
401 1541 468 1600 tam
500 1557 628 1620 aarum,
660 1558 739 1621 quae
763 1536 899 1611 directo,
924 1556 1020 1620 quam
1043 1555 1171 1610 earum,
1197 1554 1285 1617 quae*
1302 1553 1356 1617 per

167 1642 313 1725 speciem
348 1639 585 1706 fideicommissi
617 1643 744 1708 relictae
776 1649 868 1725 sunt,
905 1642 1095 1706 tuendarum
1130 1642 1235 1726 gratia
1269 1639 1356 1704 addi-

176 1751 288 1810 cantur
317 1748 398 1825 tibi,
430 1751 457 1812 si
484 1749 595 1814 idonee
623 1749 830 1814 creditoribus
853 1751 974 1814 caveris
997 1748 1036 1812 de
1057 1746 1158 1810 solido
1183 1745 1265 1829 quod
1289 1747 1355 1808 cui-

176 1871 236 1936 que
266 1852 397 1918 debetur
427 1853 586 1922 solvendo.
635 1861 665 1922 et
696 1857 731 1919 hi
762 1856 911 1941 quidem,
943 1854 1058 1939 quibus
1083 1852 1202 1916 directa
1222 1850 1355 1914 libertas

174 1957 249 2022 data
277 1964 340 2034 est,
361 1961 502 2043 perinde
532 1961 626 2027 liberi
657 1967 767 2038 erunt,
801 1983 836 2026 ac
859 1963 887 2025 si
906 1960 1065 2024 hereditas
1088 1957 1175 2021 adita
1197 1961 1296 2021 esset:
1322 1957 1355 2019 hi

174 2068 299 2149 autem,
324 2085 402 2149 quos
421 2067 511 2132 heres
530 2072 660 2153 rogatus
680 2072 728 2132 est
746 2068 990 2140 manumittere,
1013 2069 1074 2128 ate
1086 2062 1267 2128 libertatem
1281 2082 1352 2126 con-

176 2175 363 2254 sequantur:
388 2174 435 2236 ita
460 2179 498 2237 ut
521 2174 549 2238 si
572 2193 633 2238 non
657 2173 720 2238 alia
742 2173 922 2238 condicione
944 2168 1129 2236 velis'boua
1149 2169 1208 2232 tibi
1228 2167 1349 2243 addici,

175 2295 272 2359 quam
307 2281 344 2340 ut
378 2279 475 2342 etiam
511 2281 566 2363 qui
597 2279 715 2344 directo
744 2277 926 2342 libertatem
957 2280 1143 2360 acceperunt
1174 2276 1222 2338 tui
1244 2273 1352 2338 liberti

174 2377 268 2459 fiant,
300 2404 373 2448 nam
404 2384 479 2448 huic
511 2387 608 2448 etiam
639 2385 798 2449 voluntati
829 2390 919 2458 tuae,
945 2385 973 2447 si
995 2385 1021 2446 ii
1043 2381 1081 2446 de
1105 2401 1241 2464 quorum
1262 2385 1351 2444 statu

173 2489 281 2575 agitur
308 2493 519 2569 consentiant,
554 2493 774 2556 auctoritatem
806 2494 948 2554 nostram
979 2487 1263 2553 accommodamus.
1323 2489 1353 2550 et

170 2615 210 2658 ne
233 2593 330 2659 huius
349 2599 563 2680 rescriptionis
583 2602 706 2662 nostrae
726 2593 980 2660 emolumentum
1002 2593 1065 2658 alia
1083 2595 1204 2657 ratione
1222 2594 1353 2656 irritum

170 2697 245 2778 fiat,
279 2703 306 2765 si
336 2699 429 2767 fiscus
453 2703 535 2767 bona
558 2723 726 2790 agnoscere
749 2685 914 2767 volucrit?
930 2705 962 2764 et
984 2700 1020 2763 hi
1043 2701 1098 2785 qui
1120 2699 1214 2762 rebus
1237 2701 1353 2762 nostris

170 2807 338 2870 attendunt
372 2809 472 2872 scient
507 2794 673 2888 commodo
708 2809 889 2893 pecuniario
923 2805 1157 2891 praeferendam
1192 2802 1352 2869 libertatis

169 2931 297 2976 causam
321 2917 354 2977 et
375 2916 421 2978 ita
436 2914 705 3000 bona-cogenda,
730 2918 768 2978 ut
790 2913 921 2978 libertas
943 2911 994 2975 his
1015 2909 1104 2976 salva
1123 2913 1182 2986 sit,
1205 2913 1261 2994 qui
1282 2931 1353 2974 eam

159 3015 301 3101 ¹adipisci
323 3022 511 3102 potuerunt,
537 3021 565 3082 si
587 3019 746 3084 hereditas
767 3039 804 3084 ex
824 3019 1015 3082 testamento
1034 3017 1120 3080 adita
1139 3015 1244 3080 essct!
1278 3015 1377 3080 Ecca

166 3125 318 3208 rescripto
349 3124 539 3190 subventum
570 3131 617 3190 est
647 3130 678 3189 et
708 3123 912 3189 libertatibus
943 3127 975 3187 et
1004 3122 1177 3194 defunctis,
1206 3143 1247 3185 ne
1268 3123 1353 3186 bona

167 3223 288 3292 eorum'
309 3250 327 3294 a
355 3229 562 3295 creditoribus
585 3231 804 3315 possideantur
828 3234 859 3294 et
881 3231 1026 3294 veneant.
1073 3232 1157 3291 certe
1181 3229 1207 3290 si
1230 3227 1353 3291 fuerint

166 3355 204 3423 ex
239 3335 298 3399 hac
330 3319 423 3400 causa
437 3391 439 3396 .
454 3337 536 3401 bona
567 3336 710 3420 addicta,
745 3339 844 3410 cessat
873 3335 1026 3399 bonorum
1059 3333 1216 3398 venditio:
1242 3335 1352 3397 extitit

165 3441 252 3505 enim
282 3441 423 3507 defuncti
454 3442 610 3516 defensor,
642 3447 673 3507 et
700 3443 829 3527 quidem
850 3441 999 3516 idoneus,
1025 3440 1079 3523 qui
1103 3438 1141 3502 de
1161 3433 1261 3503 solido
1286 3461 1349 3503 cre-

164 3546 320 3612 ditoribus
352 3553 451 3612 cavet.
499 3548 648 3634 Inprimis
669 3548 728 3612 hcc
751 3549 939 3630 rescriptum
963 3547 1080 3610 totiens
1102 3543 1210 3609 locum
1234 3544 1375 3620 habeta

165 3655 309 3738 quotiens
333 3658 523 3719 testamento
546 3654 710 3719 libertates
734 3653 825 3718 datae
850 3657 934 3717 sunt.
970 3651 1045 3736 quid
1068 3670 1143 3736 ergo
1163 3652 1191 3713 si
1211 3653 1283 3732 quis
1305 3653 1352 3713 in-

162 3763 297 3824 testatus
325 3759 475 3825 decedens
499 3758 652 3825 codicillis
675 3759 838 3824 libertates
862 3757 984 3822 dederit
1008 3775 1108 3839 neque
1132 3745 1219 3818 adita
1243 3756 1286 3817 sit
1312 3757 1350 3819 ab

162 3866 312 3930 intestato
331 3863 509 3930 hereditas?
530 3867 618 3931 favor
630 3866 864 3931 constitutionis
878 3863 971 3928 debet
981 3861 1088 3927 locum
1101 3861 1227 3926 habere.
1264 3866 1350 3925 certe

163 3972 191 4035 si
219 3975 353 4036 testatus
388 3972 517 4038 decedat
548 3962 580 4036 et
611 3971 765 4038 codicillis
797 3970 918 4036 dederit
948 3967 1143 4044 libertatem,
1169 3971 1349 4050 competere

162 4097 232 4142 eam
263 4079 383 4144 nemini
412 4079 547 4148 dubium
571 4083 626 4146 est.
675 4078 763 4144 Tunc
783 4075 1005 4143 ,constitutioni
1026 4074 1134 4140 locum
1158 4092 1224 4138 esse
1247 4073 1368 4150 verbas
