2964 4596
198 21 242 88 40
500 17 638 104 rosuli.
662 38 685 85 1.
708 17 792 104 548.
815 37 860 84 vr.
884 39 931 103 pr.
955 16 1085 102 §1-2.

198 210 351 277 levandae
381 211 472 275 navis
503 229 597 276 eausa
628 209 797 274 eiciuntur.
834 206 894 272 hae
924 209 1011 273 enim
1035 207 1237 273 dominorum
1259 227 1382 292 perma-

197 321 293 402 nent,
320 317 396 400 quia
418 314 526 400 palam
549 320 597 380 est
621 335 674 380 eas
694 333 757 378 uon
781 333 817 377 eo
841 314 947 379 animo
971 315 1049 390 eici,
1074 333 1137 397 quo
1160 313 1231 396 quis
1254 333 1306 377 eas
1328 313 1382 377 ha

199 423 273 488 bere
303 441 366 486 non
389 420 479 499 vult,
503 420 558 486 sed
581 441 642 504 quo
666 420 773 505 magis
796 439 870 483 cum
892 421 962 504 ipsa
983 419 1059 482 navi
1081 417 1259 503 periculum
1283 421 1382 482 maris

200 526 349 614 effugiat:
375 547 437 612 qua
460 526 498 592 de
524 547 618 591 causa
641 529 669 590 si
692 527 764 610 quis
788 545 840 590 eas
862 524 1013 590 fluctibus
1036 521 1183 608 expulsas
1205 522 1259 588 vel
1282 524 1381 588 etiam

199 634 235 696 iu
264 634 334 717 ipso
365 634 448 697 mari
479 637 590 697 nactus
621 625 767 696 lucrandi
798 632 905 695 animo
936 623 1120 706 abstulerit,
1148 627 1273 692 furtum
1297 648 1382 694 com·

198 740 313 802 mittit.
360 759 417 804 nec
447 738 542 825 longe
573 737 730 803 discedere
762 737 912 802 videntur
944 736 983 800 ab
1013 734 1080 812 his,
1112 754 1193 819 quae
1224 733 1263 799 de
1285 733 1384 799 rheda

202 848 346 909 currente
370 863 432 909 uon
456 841 719 929 intellegentibus
742 841 879 906 dominis
896 842 1026 907 cadunt.

764 1038 819 1110 VI.

215 1213 274 1284 ,Du
296 1209 595 1271 USUOAPIONIBUS
615 1209 663 1268 ΕΤ
684 1207 803 1268 LONGI
823 1206 1014 1266 TEMPORIS
1035 1205 1359 1268 POSSESSIONIBUS.

246 1371 319 1436 Iure
345 1370 435 1437 civili
457 1373 669 1436 constitutum
691 1370 812 1447 fuerat,
837 1373 892 1443 ut,
917 1370 973 1453 qui
996 1366 1161 1434 bonafide
1184 1367 1223 1434 ab
1247 1388 1304 1444 eo,
1331 1368 1387 1452 qui

201 1476 358 1563 dominus·
382 1497 445 1541 non
476 1481 560 1554 erat,
594 1497 669 1541 cum
702 1465 871 1540 crediderit
902 1495 977 1540 eum
1008 1472 1174 1540 dominum
1203 1493 1287 1551 esse,
1316 1493 1386 1537 rem

200 1584 314 1648 emerit
343 1581 397 1647 vel
427 1603 466 1647 ex
495 1582 663 1647 donatione
694 1580 797 1647 aliave
828 1601 892 1666 qua
919 1583 1005 1645 iusta
1034 1600 1129 1646 causa
1157 1581 1386 1664 acceperit,is

201 1709 273 1753 eam
296 1709 383 1772 rem,
408 1689 436 1752 si
460 1686 590 1753 mobilis
614 1693 700 1772 erat,
724 1707 805 1752 anno
828 1688 964 1771 ubique,
989 1688 1016 1751 si
1040 1684 1235 1763 immobilis,
1257 1686 1387 1751 biennio

201 1783 330 1858 tautum
360 1795 395 1858 in
418 1792 530 1858 Italico
552 1793 618 1858 solo
640 1795 825 1878 usucapiat,
849 1813 889 1858 ne
912 1813 1020 1858 rerum
1043 1792 1185 1856 dominia
1207 1793 1241 1856 in
1263 1793 1387 1856 incerto

201 1903 314 1962 essent.
363 1903 395 1962 et
429 1919 504 1963 curn
531 1899 591 1963 hoc
622 1897 778 1983 placitum
810 1902 895 1982 erat,
930 1897 1118 1983 putantibus
1154 1897 1389 1982 antiquioribus

203 2003 341 2068 dominis
374 2002 515 2069 sufficere
551 2004 590 2068 ad
625 2003 829 2089 inquirendas
863 2024 913 2068 res
943 2023 1016 2068 suas
1046 2002 1187 2087 praefata
1220 2007 1386 2088 tempora,

203 2109 294 2175 nobis
325 2108 439 2174 melior
470 2112 627 2174 sententia
657 2109 787 2185 resedit,
812 2130 853 2174 ne
876 2110 999 2174 domini
1021 2109 1181 2173 maturius
1204 2109 1271 2172 suis
1293 2109 1390 2172 rebus

203 2214 428 2280 defraudentur
456 2235 557 2300 neque
588 2221 672 2280 certo
702 2214 772 2280 loco
795 2212 984 2280 beneficium
1007 2213 1067 2278 hoc
1090 2211 1308 2278 concludatur.
1358 2218 1389 2276 et

202 2320 274 2387 ideo
309 2321 570 2385 constitutionem
606 2341 699 2405 super
733 2321 793 2385 hoc
827 2319 1120 2406 promulgavimus,
1157 2337 1220 2403 qua
1253 2323 1389 2382 cautum

203 2432 267 2504 est,
300 2431 338 2490 ut
369 2446 428 2514 res¹
450 2426 578 2511 quidem
608 2425 743 2492 mobiles
774 2447 830 2510 per
860 2427 1037 2491 triennium
1059 2425 1304 2508 usucapiantur,
1330 2426 1390 2488 im-

201 2530 339 2598 mobiles
373 2551 448 2597 vero
481 2553 538 2616 per
572 2531 663 2620 longi
696 2533 850 2617 temporis
880 2533 1127 2617 possessiouem.
1158 2528 1193 2593 id
1223 2534 1271 2594 est
1305 2531 1391 2595 inter

202 2642 381 2723 praesentes
412 2637 576 2715 decennio,
610 2641 694 2703 inter
725 2638 869 2702 absentes
898 2638 1019 2724 viginti
1047 2637 1137 2700 annis
1159 2637 1391 2720 usucapiantur

203 2747 236 2807 et
270 2742 321 2806 his
354 2743 459 2808 modis
491 2763 553 2808 non
584 2742 689 2808 solum
720 2745 755 2807 in
785 2742 895 2821 Italia,
929 2743 983 2808 sed
1013 2744 1048 2805 in
1071 2741 1159 2806 omni
1182 2745 1282 2818 terra,
1309 2761 1390 2826 quae

203 2852 310 2912 nostro
340 2849 476 2932 imperio
506 2850 722 2936 gubernatur,
753 2849 933 2915 dominium
963 2868 1072 2913 rerum
1093 2849 1180 2912 iusta
1202 2867 1298 2912 causa
1321 2867 1390 2932 pos-

207 2954 353 3018 sessionis
375 2954 580 3038 praeoedente
601 2955 793 3040 adquiratur.
980 2961 982 2964 ’

251 3057 315 3124 Sed
344 3058 513 3144 aliquando
545 3062 672 3126 etiamsi
702 3062 843 3125 maxime
871 3062 943 3144 quis
965 3061 1048 3124 bona
1069 3056 1131 3123 fide
1152 3078 1222 3122 rem
1245 3058 1417 3143 possedes

205 3165 266 3242 rit,
297 3184 361 3230 non
391 3169 497 3230 tamen
529 3165 580 3230 illi
607 3167 759 3250 usucapio
788 3164 856 3230 ullo
886 3170 1029 3250 tempore
1051 3165 1210 3252 procedit,
1237 3163 1340 3229 veluti
1364 3166 1391 3228 si

180 3355 182 3365 Ι
204 3271 278 3354 quis
307 3270 446 3336 liberum
468 3271 633 3336 homiuem
656 3269 709 3336 vel
731 3292 798 3337 ram
823 3291 946 3336 sacram
970 3270 1023 3336 vel
1044 3269 1230 3357 religiosam
1252 3269 1307 3336 vel
1328 3291 1390 3335 ser·

205 3395 287 3463 vum
306 3377 485 3464 fugitivum
506 3377 675 3463 possideat.
709 3375 861 3442 Furtivae
883 3396 1007 3462 quoque
1028 3397 1079 3441 res
1102 3381 1133 3441 et
1157 3396 1237 3460 quae
1262 3378 1295 3441 vi
1319 3396 1419 3462 pos-r

203 3502 310 3547 cessae
333 3487 424 3561 sunt,
448 3505 505 3549 nec
530 3485 558 3547 si
580 3482 741 3568 praedicto
762 3481 859 3570 longo
883 3488 1025 3568 tempore
1049 3481 1211 3547 bonafide
1230 3502 1389 3566 possessae

205 3586 341 3668 fuerint,
370 3591 501 3674 usucapi
523 3595 671 3674 possunt:
696 3600 779 3653 nam·
795 3588 990 3654 furtivarum
1013 3595 1121 3653 rerum
1142 3586 1196 3653 lex
1221 3587 1390 3653 duodecim

206 3693 392 3760 tabularum
423 3701 455 3760 et
485 3693 537 3761 lex
566 3696 677 3760 Atinia
702 3694 827 3760 inhibet
849 3696 1091 3779 usucapionem,
1117 3695 1153 3760 vi
1175 3714 1390 3779 possessarum

206 3795 260 3864 lex
293 3799 377 3867 Iulia
411 3804 444 3867 et
478 3800 617 3867 Plautia.
