2974 4582
504 29 559 78 enr
580 10 607 77 1.
630 13 666 100 ἦ)
680 10 867 78 rso-160.
1227 9 1269 74 91

103 205 162 278 est,
183 201 236 266 sed
256 203 415 288 cognatim
435 203 515 266 item
530 203 665 285 emitae,
679 203 930 284 materteree[ve]
942 199 1041 287 fillius
1052 222 1115 267 non
1127 204 1176 264 est
1187 199 1268 263 mihi
1292 219 1305 260 o

102 305 271 394 edgnatus‚
306 305 358 370 sed
394 313 547 394 cognatus
581 313 612 370 et
640 310 780 374 invicem
788 329 796 386 ;
820 310 825 393 Ι
848 306 872 394 1)
897 310 972 394 quie
992 306 997 391 Ι
1018 307 1073 391 qui
1094 310 1268 370 nuscuntur
1290 326 1340 386 ηε

100 415 194 497 petris
215 432 278 477 non
301 414 414 477 metris
436 411 594 476 familiam
617 419 802 498 sequuntur.
823 415 828 497 Ι

26 515 89 605 [57)
144 515 204 582 Sed
235 517 313 583 olim
343 517 490 602 quidem,
515 523 671 602 quantum
702 519 742 586 ed
768 518 876 606 legem
900 516 964 582 XII
986 517 1169 584 tabularum
1192 519 1301 583 etti-o

99 629 167 702 net,
188 625 193 708 Ι
214 626 312 688 etiam
331 623 506 702 feminae2)
528 623 681 712 adgnatos
699 624 858 690 hebebant
881 628 1012 689 tutores.
1047 622 1109 689 Sed
1130 625 1135 708 Ι
1154 627 1264 708 postea
1287 643 1322 705 ro,
1337 644 1363 685 rr

99 729 149 795 lex
167 726 300 794 Claudia
318 727 385 794 late
403 734 466 805 est,
487 749 567 814 quee
587 731 670 814 quod
690 730 730 795 ed
743 731 879 796 feminee
891 731 1018 822 ettilnet
1030 729 1148 798 tutelas
1165 729 1265 817 [ictae]
1291 749 1316 792 u

98 834 241 912 sustuiit,
261 838 368 920 itaque
386 833 549 899 masculus
569 836 699 920 quidem
720 835 726 920 Ι
745 835 891 922 impubes
903 835 1033 900 fratrem
1046 836 1199 921 puberem
1213 841 1269 900 eut
1291 855 1316 898 1³

96 946 244 1026 patruum
262 940 356 1005 habet
378 941 384 1024 Ι
404 944 560 1018 tutorem,
582 941 702 1006 femine
732 961 807 1007 vero
821 941 846 1025 ²)
872 940 971 1005 telem
993 940 1109 1005 hebere
1133 945 1272 1004 tutorem
1295 959 1320 1003 re
1378 971 1381 977 ·

96 1067 156 1112 non
175 1047 180 1130 Ι
200 1045 343 1134 potc[rtt]
369 1045 393 1132 ).

26 1150 85 1240 ;58)
142 1150 203 1218 Sed
233 1153 430 1234 adgnationis
452 1151 581 1237 quidem
604 1153 655 1215 ius
678 1153 791 1236 cepitis
810 1151 816 1236 Ι
837 1149 1054 1216 deminutione
1077 1150 1250 1236 perimitur
1257 1168 1266 1226 ;
1292 1168 1316 1212 rc

96 1260 290 1346 cognationis
319 1278 394 1323 vero
424 1259 475 1322 ius
504 1277 540 1322 eo
569 1256 664 1321 modo
684 1256 690 1343 Ι
710 1277 773 1322 non
800 1261 1036 1333 commutetur,
1060 1259 1135 1342 quie
1159 1253 1265 1320 civilis
1288 1275 1313 1319 rr

95 1367 174 1429 retio
185 1363 212 1447 ⁴)
237 1362 344 1428 civilia
364 1365 369 1448 Ι
390 1363 520 1448 quidem
539 1365 610 1428 iure
629 1382 826 1446 corrumpere
842 1365 963 1447 potest,
983 1359 1142 1429 neturelie
1162 1364 1167 1446 Ι
1187 1379 1263 1426 vero
1286 1382 1320 1436 rc,
1334 1381 1360 1424 ro

95 1491 156 1536 non
177 1474 291 1555 potest.

26 1573 87 1658 uo)
145 1575 203 1641 Est
244 1579 351 1640 autem
393 1577 506 1661 cepitis
544 1574 721 1640 deminutio
754 1577 869 1659 prioris
900 1567 1023 1659 cespitis
1056 1572 1249 1660 permutatio
1255 1590 1264 1648 ;
1287 1591 1315 1634 eo

96 1702 193 1767 eaque
224 1681 326 1745 tribus
358 1679 461 1746 modis
484 1679 617 1745 eccidit:
639 1699 716 1745 nem
734 1679 740 1764 1
761 1684 818 1744 eut
839 1681 983 1744 maxime
1006 1685 1054 1745 est
1077 1681 1189 1764 cepitis
1213 1680 1264 1744 de
1287 1700 1311 1742 er

94 1789 232 1852 minutio
253 1791 308 1851 eut
327 1789 449 1863 minor,
470 1805 566 1871 quem
586 1785 729 1871 quitdam
744 1785 886 1850 mediam
907 1790 1038 1864 vocant,
1051 1787 1263 1850 autminime.
1287 1805 1313 1848 ee

26 1891 84 1981 too)
143 1891 290 1958 Maxime
322 1897 370 1958 est
397 1894 510 1976 cepitis
530 1893 535 1976 Ι
557 1891 751 1969 deminutio,
777 1911 851 1956 oum
875 1891 990 1976 aliquis
1012 1887 1110 1955 simul
1133 1895 1166 1954 et
1189 1891 1273 1956 ciri:
1288 1909 1316 1952 ec

87 2004 189 2065 tetem
220 2003 252 2062 et
278 1996 461 2063 libertatem
491 1989 677 2080 emitltit⁵)‚
710 2017 790 2081 quee
822 1995 936 2062 eccidit
966 1998 1119 2079 incensis,
1148 1998 1203 2080 qui
1227 2016 1265 2060 ex
1288 2016 1315 2058 er

74 2235 269 2252 μ

120 2412 149 2481 1)
170 2411 195 2480 (ι
201 2407 314 2463 Scilicet
323 2408 362 2463 sic
372 2426 404 2464 eo
415 2409 502 2482 dege:
513 2414 577 2482 ego)
586 2409 631 2464 illi
641 2409 738 2465 eodem
748 2409 807 2464 iure
818 2409 1001 2480 coniungor”)
1013 2409 1042 2464 O.
1051 2411 1087 2464 cf.
1095 2411 1153 2464 not.
1161 2409 1221 2478 ad§
1230 2410 1276 2464 52.

120 2500 151 2569 2)
170 2498 345 2568 Quemquam
364 2498 393 2552 id
412 2515 467 2553 non
487 2515 613 2569 expresse
643 2499 760 2565 dieitur,
780 2499 961 2554 menifestum
980 2502 1076 2554 temen
1095 2509 1154 2565 est,
1174 2499 1276 2553 Geium

80 2589 161 2660 loqui
182 2588 215 2642 de
235 2588 345 2643 feminis
366 2589 507 2658 perfectae
526 2589 637 2643 eetetis.

118 2681 149 2750 3)
170 2677 204 2732 cf.
225 2678 368 2746 1.·§171‚
387 2682 417 2733 et
436 2678 470 2732 de
489 2678 579 2733 forme
599 2677 768 2750 »pote[rit]”
788 2681 803 2748 ξ
826 2679 878 2732 163
899 2678 944 2732 fin.
965 2709 997 2720 -
1018 2677 1166 2733 Goudsmit
1182 2677 1275 2732 addit:

82 2767 192 2839 »cogr''.

117 2859 148 2929 4)
167 2856 257 2911 civilis
276 2857 348 2911 ratio
367 2875 405 2911 =
422 2857 493 2912 ratio
513 2874 585 2927 quae
604 2856 641 2911 ed
661 2857 735 2913 cives
754 2857 884 2927 pertinet.

119 2949 150 3017 5)
171 2946 207 3002 cf,
232 2949 250 3002 l.
277 2946 340 2999 209.
365 2945 389 2999 D
427 2946 461 3001 de
480 2947 536 3001 div.
555 2964 612 3018 reg.
632 2948 651 3001 i.
671 2949 727 3018 (50.
750 2947 806 3017 17.)
827 2947 1014 3002 »Servitutem
1033 2945 1201 3002 mortalitati
1220 2946 1277 3000 fere

83 3035 304 3107 comparemus''.
325 3037 354 3090 et
374 3039 391 3090 t.
413 3036 447 3090 68
469 3035 496 3090 (1.
517 3037 551 3090 de
569 3037 603 3090 V.
624 3037 651 3090 S.
672 3039 729 3106 (50.
751 3038 808 3106 16.)
829 3037 900 3091 »Ille
920 3038 1004 3092 verbe
1024 3037 1181 3091 »arbitratu
1198 3035 1277 3090 Lucii

82 3125 150 3180 Titii
178 3125 259 3179 ficri”
285 3127 326 3178 tos
351 3125 508 3196 significent
533 3127 562 3180 et
580 3126 609 3179 in
628 3143 737 3181 servum
756 3144 812 3182 non
832 3126 965 3182 cedunt.”
985 3127 1034 3190 (oi.
1054 3143 1163 3197 quoque
1183 3124 1235 3178 Gci
1254 3125 1276 3178 1.

85 3217 171 3286 552.)
200 3215 314 3270 Scilicet
342 3219 484 3287 cooperires
511 3215 621 3288 nullum
650 3217 734 3286 plene
762 3217 806 3270 ius
834 3217 978 3272 hebebant
1003 3215 1075 3270 servi
1093 3231 1183 3284 neque
1203 3211 1277 3269 civile

83 3305 169 3375 nequi
194 3309 324 3360 comrade.
367 3305 439 3360 Cives
462 3305 564 3376 igitur,
590 3309 668 3376 (nem
687 3325 798 3362 omnes
816 3307 932 3377 perinde
952 3305 1052 3376 cepitis
1073 3303 1276 3360 deminutiones

85 3396 121 3449 ed
141 3400 209 3450 cives
227 3398 340 3450 tanturn
359 3395 513 3466 pertinent)
532 3396 581 3465 qui
600 3414 674 3450 mex.
694 3413 755 3466 cop.
775 3395 848 3451 d'em.
865 3393 1277 3466 petiebenmnspoliebentur,

84 3487 157 3538 ornei
184 3488 252 3550 iure,
281 3487 311 3538 et
338 3485 404 3538 telis
433 3485 516 3540 homo
547 3486 648 3540 »morti
677 3486 873 3555 coaequatur''‚
902 3489 935 3541 ut
955 3485 1040 3540 Gaius
1059 3485 1118 3555 ipse
1137 3484 1208 3538 dicit
1225 3483 1276 3538 111.

85 3575 184 3642 5153,
212 3578 243 3630 et
271 3591 327 3628 non
355 3576 481 3640 tentum,
511 3577 544 3630 ut
571 3574 612 3629 ibi
639 3575 753 3630 additur
773 3575 867 3631 »civili
886 3576 1021 3639 ratione”‚
1038 3592 1103 3629 nem
1120 3591 1153 3628 ee
1168 3573 1276 3628 ratione

85 3679 136 3730 per
153 3681 250 3719 omnes
270 3681 330 3733 cep.
350 3663 454 3720 demin.
474 3665 558 3720 morti
577 3668 773 3735 coaequentur.
812 3665 969 3738 Fingebcnt
993 3665 1067 3720 enim
1092 3665 1122 3719 in
1148 3663 1276 3720 omnibus

86 3761 164 3814 civem
188 3781 241 3816 ecee
262 3773 405 3826 mortuum,
431 3764 460 3816 et
486 3773 576 3818 netem
602 3782 655 3818 esce
680 3765 731 3817 cut
755 3781 872 3829 servom,
898 3767 948 3819 eut
967 3764 1007 3842 (in
1025 3764 1118 3820 media
1133 3750 1185 3833 Hi)
1204 3779 1276 3832 pere·

84 3859 189 3924 prinum
217 3864 267 3916 eut·
292 3860 332 3920 (in
361 3861 477 3916 minime
502 3851 554 3931 fd)
583 3849 665 3915 otium
694 3861 773 3914 civem
802 3863 839 3915 ud
867 3863 948 3916 etiem
976 3871 1077 3932 pentem
1099 3864 1277 3933 pertinentem.

87 3943 327 4094 gzcfflioppbum
357 3951 458 4020 quibus
486 3950 605 4006 Romani
632 3950 662 4004 in
688 3949 727 4004 eis
753 3950 842 4004 oensis
868 3951 912 4006 uti
937 3941 1066 4008 solebant
1089 3953 1124 4008 cf.
1151 3951 1207 4006 oie.
1226 3967 1277 4020 pro
