2890 4616
118 65 119 70 ¹
189 35 254 106 370
567 55 652 102 rusr.
676 35 737 122 IV,
761 55 812 122 vr,
835 37 872 122 ξς
896 33 995 100 4-9.

188 229 243 314 qui
272 229 496 312 possessionem
522 228 648 303 amisit,
673 247 744 292 eam
767 247 836 293 rem
859 247 893 292 se
916 245 975 292 usu
1000 225 1120 310 cepisse
1145 227 1178 288 et
1203 223 1251 287 ita
1274 220 1369 286 uindi-

187 338 239 398 cet
261 353 351 398 suam
376 355 451 400 esse.
500 353 579 418 quae
603 335 685 400 actio
708 332 900 398 Publiciana
923 330 1115 417 appellatur,
1142 329 1299 414 quoniam
1315 327 1369 410 pri-

188 459 280 504 mum
317 459 335 504 a
362 439 510 505 Publicio
537 445 679 525 praetore
708 441 741 503 in
765 439 869 504 edicto
893 439 1054 524 proposita
1076 442 1136 501 est.
1184 433 1312 499 Rursus
1339 453 1394 496 ers

189 545 313 610 diverso
341 547 369 610 si
393 548 479 630 quis,
504 566 579 611 cum
603 544 817 630 reipublicae
840 565 936 610 causa
958 540 1086 608 abesset
1103 538 1156 607 vel
1178 542 1216 604 in
1239 539 1372 605 hostium

189 655 343 734 potestate
367 656 465 724 esset,
491 671 559 716 rem
583 653 652 716 eius
674 651 730 735 qui
752 650 787 713 in
811 653 944 716 civitate
966 652 1049 713 esset
1071 668 1133 712 usu
1152 647 1294 731 ceperit,
1310 665 1370 728 per·

186 755 329 821 mittitur
352 756 495 834 dominc,
520 759 548 820 si
573 775 729 840 possessor
750 756 796 821 rei
819 755 967 842 publicae
986 774 1081 820 causa
1102 753 1214 818 abesse
1235 751 1371 822 desierit,

187 867 264 927 tuno
294 864 378 927 intra
406 883 525 928 anuum
556 865 686 928 rescisse
718 865 911 949 usucapione
943 883 1011 928 cam
1042 867 1162 947 petere,
1194 861 1230 924 id
1262 863 1311 924 est
1335 859 1373 923 ita

188 973 310 1055 petere,
335 973 373 1033 ut
396 970 482 1036 dicat
505 991 712 1055 possessorem
736 991 796 1036 usn
818 991 881 1036 non
904 971 1024 1055 cepisse
1044 973 1076 1033 et
1096 968 1135 1032 ob
1152 967 1188 1032 id
1208 986 1373 1031 suamesse

187 1096 266 1141 rem.
313 1074 398 1160 quud
426 1097 527 1163 genus
556 1079 689 1143 actionis
717 1081 750 1142 et
784 1076 856 1142 aliis
879 1076 1069 1162 quibusdam
1093 1073 1197 1139 simili
1221 1074 1374 1158 aequitate

189 1185 295 1247 motus
329 1187 454 1266 praetor
488 1182 721 1260 accommodat,
757 1184 842 1248 sicut
875 1203 915 1248 ex
946 1182 1059 1247 latiore
1090 1181 1295 1267 digestorum
1325 1199 1372 1241 seu

149 1319 152 1326 ·
189 1287 415 1373 pandectarum
445 1287 611 1355 volumine
639 1285 826 1377 intellegere
847 1289 935 1355 licet.
980 1289 1066 1354 Item
1089 1290 1116 1352 si
1140 1289 1214 1372 quis
1237 1289 1274 1350 in
1298 1285 1397 1349 trau-c

189 1394 263 1460 dem
291 1392 485 1460 creditorum
515 1417 583 1460 rem
617 1417 708 1462 suam
740 1395 838 1462 alicui
861 1395 1042 1480 tradiderit,
1065 1395 1157 1460 bonis
1180 1394 1253 1457 eins
1277 1413 1297 1456 a
1319 1413 1375 1456 cre·

188 1499 344 1592 <litoribus
367 1520 406 1564 ex
427 1503 583 1567 sententia
605 1502 761 1586 praesidis
783 1505 933 1588 possessis
955 1502 1153 1588 permittitur
1176 1501 1259 1584 ipsis
1284 1497 1375 1562 credi-

188 1606 310 1670 toribus
341 1608 472 1672 rescissa
499 1608 670 1674 traditione
703 1631 773 1674 eum
804 1630 872 1674 rem
905 1613 1026 1694 petere,
1050 1608 1084 1673 id
1108 1610 1156 1671 cst
1179 1605 1289 1669 dicere
1311 1623 1374 1668 curn
1432 1692 1433 1695 Ἴ

187 1731 255 1777 rem
292 1711 443 1777 traditam
478 1735 539 1780 non
575 1735 642 1780 esse
677 1720 709 1780 et
740 1716 779 1780 ob
809 1715 843 1780 id
866 1716 901 1779 in
924 1716 1014 1781 bonis
1037 1713 1190 1779 debitoris
1213 1711 1373 1776 mansisse.

193 1816 276 1881 ltem
310 1815 460 1888 Serviane
488 1825 520 1884 et
543 1823 633 1905 quasi
657 1819 825 1899 Semiana,
851 1842 930 1905 quae
954 1823 1050 1886 ctiam
1071 1818 1305 1905 hypothecaria
1329 1836 1398 1880 rer
1432 1882 1433 1885 ,

190 1926 297 2001 catur,
324 1945 362 1988 ex
385 1927 487 2008 ipsius
508 1931 662 2011 praetoris
683 1929 903 1995 iurisdictione
927 1928 1139 1995 substantiam
1164 1925 1261 2009 capit.
1311 1921 1374 1986 Scr-

188 2033 283 2095 viana
306 2034 414 2094 autem
438 2035 599 2116 experitur
622 2036 694 2118 quis
718 2033 756 2100 de
777 2035 874 2122 ¹rebus
897 2034 1016 2110 coloni,
1042 2052 1122 2117 quac
1146 2033 1291 2118 pignoris
1309 2031 1373 2092 iure

189 2154 246 2220 pro
277 2135 476 2202 mercedibus
506 2137 597 2203 fundi
628 2141 659 2204 ei
687 2144 849 2205 tenantur:
880 2142 970 2225 qnasi
1000 2139 1153 2204 Serrium
1183 2141 1376 2218 cutemque

192 2241 363 2305 creditores
404 2245 538 2329 pignora
577 2244 812 2330 hypothecasve
847 2250 1085 2331 persequuntur.
1144 2245 1228 2308 inter
1265 2245 1376 2328 pignus

192 2350 302 2412 autem
333 2352 366 2412 et
385 2348 599 2435 hypothecam
625 2355 781 2435 quantum
804 2351 843 2417 ad
868 2352 1023 2417 actionem
1045 2349 1311 2436 hypothecariam
1335 2348 1376 2409 ni-

189 2452 238 2518 hil
260 2455 409 2519 interest:
433 2476 509 2520 nam
533 2454 572 2521 de
596 2477 658 2540 qua
681 2478 714 2522 re
737 2459 821 2523 inter
843 2457 1031 2523 creditorem
1055 2460 1088 2521 et
1110 2454 1290 2520 debitorem
1309 2474 1376 2518 con·

73 2587 75 2592 ·
191 2561 330 2642 venerit,
362 2566 400 2625 ut
431 2561 473 2624 sit
502 2582 559 2645 pro
590 2562 697 2628 debito
729 2562 889 2650 obligata,
922 2567 1056 2646 utraque
1086 2561 1146 2626 hac
1169 2559 1377 2646 appellatione

191 2665 380 2730 continetur.
405 2664 460 2732 sed
481 2667 516 2729 in
539 2665 613 2731 aliis
632 2667 809 2735 differentia
830 2673 895 2734 est:
917 2689 991 2734 nam
1012 2668 1156 2755 pignoris
1167 2665 1377 2751 appellatione

191 2791 261 2834 eam
289 2772 414 2854 proprie
445 2773 598 2838 contineri
622 2773 777 2852 dicimus,
804 2795 884 2860 quae
908 2772 1007 2839 simul
1030 2775 1129 2838 etiem
1153 2772 1295 2837 traditur
1317 2791 1376 2834 cre

191 2875 286 2940 ditoni
297 2924 309 2960 ,1
341 2878 483 2942 maxime
518 2880 545 2943 si
579 2878 710 2945 mobilis
744 2883 803 2946 sit:
838 2885 871 2946 ut
899 2900 988 2965 eam,
1012 2899 1093 2965 quae
1116 2879 1185 2942 sine
1210 2877 1378 2942 traditione

190 2980 276 3046 nuda
305 2986 512 3050 conventione
535 2989 679 3063 tenetur,
704 2989 830 3071 proprie
852 2986 1050 3073 hypothecae
1074 2983 1289 3069 appellatione
1313 3004 1377 3048 con·

193 3089 288 3152 tineri
319 3089 466 3155 dicimus.
515 3089 552 3155 ln
583 3112 749 3177 personam
780 3113 904 3178 quoquc
929 3094 1067 3158 actiones
1090 3112 1128 3155 cr
1153 3110 1212 3154 sua
1234 3089 1401 3154 iurisdics

194 3199 280 3262 tione
313 3199 489 3280 propositas
523 3199 619 3264 habet
650 3204 785 3283 praetor.
834 3197 937 3264 veluti
968 3197 1006 3262 de
1029 3198 1164 3283 pecnnia
1188 3197 1373 3270 constitute,

199 3305 251 3369 cui
282 3300 398 3367 similis
429 3303 598 3382 ridebatur
625 3307 808 3389 receptitic:
842 3305 896 3370 sed
927 3327 965 3369 ex
996 3308 1104 3368 nostre
1134 3302 1374 3376 constitutione,

193 3430 268 3502 cum
300 3414 332 3474 et
358 3411 385 3473 ei
410 3409 486 3493 quid
510 3409 637 3494 plenius
659 3411 814 3495 habehat,
839 3411 899 3476 hcc
922 3413 955 3474 in
978 3411 1147 3494 pecuniam
1171 3409 1375 3474 constitutam

194 3515 389 3581 transfusum
420 3520 483 3593 est,
518 3536 554 3580 ee
582 3517 671 3600 quasi
695 3537 890 3601 superuacua
913 3519 1000 3580 iussa
1022 3521 1070 3580 est
1093 3535 1169 3579 cum
1194 3533 1253 3578 sua
1278 3520 1374 3578 suctu

192 3624 286 3688 ritate
319 3623 475 3686 anostris
506 3621 632 3708 legibus
661 3622 815 3688 recedere.
870 3625 948 3688 item
981 3625 1105 3708 praetor
1140 3621 1309 3706 proposuit
1342 3619 1374 3682 de

194 3726 319 3813 peculio
349 3748 513 3794 servorum
540 3725 744 3812 filiorumque
767 3727 908 3793 {amilius
932 3735 964 3793 et
987 3749 1026 3792 ex
1049 3747 1111 3812 qua
1134 3728 1318 3811 quaeritur,
1341 3747 1373 3790 an

195 3838 283 3898 actor
310 3835 481 3910 iuraverit,
515 3838 546 3900 et
570 3833 648 3900 alias
672 3834 857 3920 complures.
906 3834 954 3900 De
975 3835 1109 3920 pecunia
1132 3837 1243 3898 autem
1267 3833 1395 3906 consti-u

194 3942 265 4006 tute
296 3959 369 4005 cum
402 3941 550 4009 omnibus
582 3942 707 4032 agitur,
733 3943 925 4031 quicumque
948 3941 1001 4008 rel
1025 3962 1080 4029 pro
1104 3960 1137 4006 se
1160 3939 1215 4005 rel
1237 3959 1295 4025 pro
1318 3935 1371 4003 alic
