2916 4604
216 71 282 140 154
556 94 639 144 rusr.
662 75 703 144 Π.
728 91 822 177 nnn.
844 75 1013 162 §ta-12.

212 270 314 332 tatem
337 255 468 354 rogatus
491 269 541 331 sit.
579 267 633 332 sed
656 270 688 331 et
711 269 738 331 si
761 278 847 332 certa
866 287 994 332 summa
1012 266 1147 332 deducta
1166 271 1384 352 praeceptore,

212 388 293 456 quae
316 377 462 456 quartam
483 371 536 438 vel
558 375 657 438 etiarn
681 376 859 438 maximam
881 379 1005 459 partem
1027 373 1214 438 hereditatis
1234 377 1384 448 continet,

208 481 340 564 rogatus
363 479 406 542 sit
429 476 545 562 aliquis
567 478 776 543 hereditatem
800 481 983 556 restituere,
1009 478 1096 543 idem
1120 481 1199 544 iuris
1218 485 1275 544 est.
1313 501 1385 564 quae

209 582 350 648 dinimm
379 583 417 648 de
439 604 474 648 eo
497 586 553 669 qui
576 605 619 649 err
638 605 706 649 asse
729 585 818 650 heres
841 587 1010 650 institutus
1034 590 1099 660 est,
1125 586 1236 650 eadem
1260 586 1383 650 transis

206 689 309 752 rimus
333 693 365 752 et
388 689 428 753 ad
450 710 524 754 eum
549 692 604 774 qui
627 711 668 754 ex
689 697 779 775 parte
801 692 892 756 heres
914 693 1051 776 sc'riptus
1074 696 1131 756 ast.
1451 755 1452 768 2

252 793 420 860 Praeterea
450 787 621 861 intestatus
652 818 775 881 quoque
806 800 982 863 moriturus
1014 802 1119 881 potest
1148 817 1260 882 rogare
1293 817 1379 870 eum,
1392 817 1413 859 o

206 899 246 964 ad
277 921 373 985 quem
404 901 486 967 bona
516 923 573 967 sua
603 902 657 969 vol
687 903 836 990 legitimo
865 906 934 968 iure
966 902 1018 969 vel
1040 904 1207 968 honorario
1231 905 1383 986 pertinere

203 1005 384 1093 intellegit,
416 1012 453 1071 ut
483 1007 693 1073 hereditatem
719 1029 810 1073 suam
834 1015 934 1074 totam
958 1015 1123 1095 partemve
1147 1012 1216 1073 eius
1240 1014 1296 1074 aut
1318 1029 1381 1071 rem

204 1110 365 1196 aliquam,
397 1113 500 1179 veluti
532 1114 668 1178 fundum
696 1113 860 1180 hominem
888 1118 1076 1200 pecuniam,
1103 1113 1199 1178 alicui
1222 1115 1381 1178 restituat:

204 1238 278 1282 oum
314 1217 455 1303 alioquin
489 1218 596 1306 legata
630 1221 692 1284 uisi
727 1241 764 1283 ex
799 1225 989 1286 testamento
1023 1240 1085 1283 non
1114 1219 1251 1285 valeant.
1297 1219 1380 1283 llum
1393 1239 1411 1281 u

203 1321 343 1408 quoque,
369 1326 421 1388 cui
445 1323 565 1409 aliquid
588 1328 785 1403 restituitur,
810 1331 913 1411 potest
935 1346 1066 1412 rogare,
1090 1331 1127 1390 ut
1145 1325 1179 1390 id
1198 1347 1307 1390 rursus
1331 1324 1384 1388 alii

201 1434 306 1494 totum
331 1436 386 1495 aut
410 1451 465 1515 pro
488 1436 578 1515 parte
602 1429 654 1496 rel
677 1433 776 1496 etiam
801 1431 889 1496 aliud
913 1431 1034 1516 aliquid
1054 1435 1212 1497 restituat.
1247 1431 1290 1495 Et
1307 1433 1414 1514 quiae

200 1537 305 1619 prima
336 1533 653 1607 fideicommissorum
688 1537 847 1602 cunabula
877 1558 896 1602 a
926 1535 988 1602 fide
1011 1537 1164 1602 heredum
1192 1537 1331 1622 pendent
1353 1543 1384 1599 et

199 1646 265 1705 tam
285 1663 400 1706 nomen
421 1663 517 1727 quam
538 1643 750 1708 substantiam
771 1648 1010 1728 acceperunt‘et
1029 1643 1100 1707 ideo
1113 1644 1207 1708 divus
1219 1644 1384 1728 Augustus

200 1747 241 1811 ad
270 1750 492 1813 necessitatem
524 1751 604 1812 iuris
636 1770 673 1814 ea
704 1748 860 1814 detraxit:
883 1769 984 1834 nuper
1006 1757 1038 1813 et
1061 1769 1118 1814 nos
1140 1749 1277 1814 eundem
1298 1749 1382 1832 prin-

201 1855 305 1937 oipem
340 1874 487 1937 superare
517 1854 739 1919 contendentes
771 1877 810 1920 ax
841 1855 941 1946 facto,
974 1854 1058 1939 quod
1092 1854 1301 1919 Tribonianus
1334 1855 1382 1917 vir

200 1958 343 2023 excelsus
362 1963 509 2042 quaestor
529 1962 609 2025 sacri
628 1960 741 2045 palatii
759 1964 938 2048 suggessit,
957 1963 1218 2025 constitutionem
1236 1960 1380 2040 fecimus,

200 2083 257 2149 per
288 2087 384 2151 quam
412 2069 645 2153 disposuimus:
677 2069 705 2130 si
727 2071 859 2131 testator
882 2065 955 2131 fidei
978 2067 1103 2131 heredis
1126 2069 1177 2130 sui
1199 2067 1379 2136 commisit,

201 2177 239 2234 ut
272 2172 337 2238 vel.
354 2172 564 2239 hereditatem
596 2171 649 2239 vel
676 2171 811 2257 speciale
841 2169 1125 2237 fideicommissum
1156 2175 1321 2243 restituat,
1355 2177 1386 2234 ct

199 2298 300 2363 neque
331 2300 369 2344 ex
399 2284 554 2365 scriptura
583 2299 683 2364 neque
717 2299 755 2342 ex
779 2280 918 2363 quinque
942 2281 1075 2342 testium
1099 2299 1247 2349 numero,
1273 2279 1329 2360 qui
1352 2279 1386 2339 in

198 2381 451 2451 fideicommissis
480 2385 648 2474 logitimus
680 2406 747 2449 esse
777 2386 934 2460 noscitur,
968 2404 1017 2447 res
1043 2385 1143 2470 possit
1168 2383 1384 2464 manifestari,

197 2490 252 2554 sed
285 2491 336 2556 vel
359 2493 522 2576 pauciores
547 2512 644 2576 quam
669 2493 807 2576 quinque
831 2488 884 2554 vel
907 2509 1000 2554 nemo
1023 2492 1150 2574 penitus
1175 2491 1266 2553 testis
1288 2491 1386 2552 inter-

196 2599 336 2671 venerit,
367 2603 444 2662 tuno
475 2585 542 2662 sive
568 2603 657 2682 pater
681 2596 806 2662 heredis
830 2598 897 2660 sive
922 2595 1005 2660 alius
1029 2597 1222 2681 quicumque
1245 2597 1303 2672 sit,
1331 2598 1386 2680 qui

196 2699 291 2766 fidem
315 2701 414 2790 elegit
438 2703 562 2768 heredis
587 2711 619 2767 et
642 2703 681 2767 ab
705 2723 742 2767 eo
766 2701 887 2786 aliquid
910 2703 1038 2766 restitui
1062 2700 1216 2777 voluerit,
1242 2704 1270 2765 si
1293 2703 1387 2766 heres

196 2804 328 2890 perfidia
358 2812 466 2873 tentus
495 2808 670 2893 adimplere
699 2807 794 2872 fidem
825 2813 949 2872 recusat
981 2809 1126 2894 negando
1156 2830 1224 2874 rem
1249 2811 1297 2871 ita
1320 2829 1387 2871 esse

196 2914 414 2990 subsecutam,
440 2916 468 2978 si
491 2912 802 2978 fideicommissarius
821 2913 1043 2978 iusiurandum
1064 2916 1094 2979 ei
1114 2914 1285 2992 detulerit,
1309 2936 1385 2978 cum

195 3021 284 3102 prius
306 3021 374 3104 ipse
397 3020 436 3084 de
460 3018 619 3084 calumnia
641 3021 810 3093 iuraverit,
833 3040 958 3084 necesse
982 3040 1057 3084 eum
1077 3021 1192 3086 habere
1211 3020 1265 3086 vel
1283 3022 1387 3085 iusiu·

196 3124 332 3189 randum
363 3125 487 3202 subire,
520 3124 604 3209 quod
633 3123 716 3188 nihil
748 3123 812 3190 tale
835 3145 854 3189 a
877 3130 1027 3210 testatore
1051 3126 1194 3200 audivit,
1219 3125 1273 3193 vel
1295 3148 1386 3191 racu-

196 3234 320 3295 sautem
342 3231 380 3295 ad
401 3229 637 3296 fideicommissi
657 3228 711 3296 vel
730 3232 947 3296 universitatis
967 3230 1019 3298 vel
1031 3233 1178 3317 specialis
1188 3231 1386 3297 solutionem

197 3338 348 3414 coartari,
382 3357 421 3401 ne
456 3336 602 3421 depereat
632 3336 749 3401 ultima
780 3337 928 3402 voluntas
959 3341 1120 3404 testatoris
1149 3336 1224 3401 fidei
1258 3337 1387 3403 heredis

196 3444 378 3508 commissa.
425 3442 546 3508 eadem·
568 3443 727 3507 observari
759 3445 939 3518 censuimus
972 3448 1002 3509 et
1032 3445 1061 3507 si
1091 3464 1110 3508 a
1142 3443 1300 3530 legatario
1333 3444 1387 3510 vel

194 3546 489 3614 fideicommissario
520 3547 639 3632 aliquid
671 3547 821 3612 similiter
850 3549 999 3614 relictum
1030 3550 1083 3614 sit.
1131 3550 1217 3634 quod
1244 3552 1272 3614 si
1295 3553 1384 3627 is,n

196 3673 258 3738 quo
290 3653 440 3719 relictum
463 3655 598 3738 dicitur,
624 3653 809 3720 confiteatur
832 3656 960 3740 quidem
986 3655 1108 3741 aliquid
1132 3675 1151 3719 a
1173 3677 1207 3721 se
1229 3655 1383 3721 relictum

196 3779 280 3832 esse,
313 3761 366 3826 sed
397 3760 437 3826 ad
466 3761 548 3848 legis
581 3760 794 3826 subtilitatem
825 3762 986 3839 decurrat,
1011 3763 1196 3828 omnimodo
1220 3763 1383 3853 cogendus

195 3870 242 3935 ost
265 3866 396 3936 solvere.
