2934 4608
76 88 121 194 s
243 63 310 130 124
626 81 712 131 rusr.
734 61 776 129 11.
799 81 856 129 rx.
880 59 1050 149 §ot-14.

50 215 66 265 s

16 328 36 352 Ν,
309 251 366 322 Ea
400 276 541 349 quoque
575 278 655 342 ree,
687 277 777 348 quae
810 252 846 321 in
882 277 999 322 rerum
1031 261 1165 322 natura·
1186 275 1258 319 nou
1293 257 1360 339 est,
1380 249 1419 322 sir

16 361 18 364 ’
109 429 110 432 ,
238 363 346 435 modo
372 365 487 435 sutura
514 376 586 451 cst,
612 375 710 436 recte
734 362 890 462 legatur,
915 363 1024 435 veluti
1050 363 1186 433 fructus
1212 361 1272 458 qui
1297 361 1334 428 in
1355 359 1403 430 illo

77 465 83 477 ’
238 476 350 548 fundo
384 479 457 548 nati
491 489 612 571 erunt,
648 488 708 548 aut
742 475 836 575 quod
869 502 912 547 ex
943 475 1006 547 illa
1041 474 1172 546 ancilla
1198 483 1319 544 natum
1343 473 1404 541 erit

240 590 276 656 Si
297 591 408 657 eadem
425 613 474 658 res
490 591 614 658 duobus
633 591 740 680 legata
759 593 803 656 sit
821 593 889 658 sive
909 591 1106 656 coniunctim
1125 591 1192 655 sive
1212 587 1420 662 disiunctim,s

237 699 266 762 si
293 697 387 762 ambo
418 700 604 782 perveniant
635 700 675 763 ad
705 697 876 785 legatum,'
895 697 1051 761 scinditur
1073 697 1157 760 inter
1179 713 1232 759 eos
1253 691 1404 779 legatum:

169 825 172 830 ’
238 803 267 867 si
298 801 379 874 alter
409 800 547 881 deficiat,
573 806 649 888 quia
671 810 728 868 aut
750 805 906 888 spreverit
917 796 1070 889 'legatum
1093 806 1150 866 aut
1171 801 1248 866 vivo
1273 801 1407 862 testatore

239 901 409 972 decesserit
439 913 495 972 aut
526 908 589 976 alio
617 909 760 994 quolibet
784 907 877 975 modo
901 908 1067 985 deiecerit,
1092 912 1198 972 totum
1221 904 1262 970 ad
1285 901 1408 988 collega-

237 1014 360 1078 tarium
403 1017 550 1098 pertinet.
598 1017 793 1081 coniunctim
829 1018 938 1079 autem
971 1012 1116 1100 legatur.
1150 1009 1253 1078 veluti
1286 1010 1316 1072 si
1350 1009 1408 1092 quis

235 1117 324 1182 dicat
359 1117 454 1183 ‘Titio
489 1125 522 1185 et
552 1118 626 1186 Seio
656 1119 819 1184 hominem
850 1117 998 1183 Stichum
1030 1119 1071 1183 do
1100 1115 1200 1203 lego’:
1232 1113 1407 1179 disiunctim

234 1225 286 1288 ita
318 1224 414 1290 ‘Titio
444 1221 609 1291 hominem
641 1225 788 1292 Stichum
817 1225 857 1290 do
879 1223 970 1311 lego,
992 1221 1065 1289 Seio
1088 1217 1236 1302 Stichum
1260 1221 1302 1284 do
1325 1218 1408 1306 lego’.

239 1329 295 1394 sed
318 1334 350 1393 et
372 1332 400 1395 si
424 1335 612 1416 expresserit
633 1329 778 1397 ‘eundem
797 1331 961 1395 hominem
979 1327 1148 1404 Stichum',
1165 1345 1264 1411 aeque
1282 1325 1409 1389 disinno

236 1435 298 1498 tim
322 1433 468 1522 legatum
491 1430 702 1524 intellegitur.
749 1434 786 1500 Si
809 1437 862 1501 cui
885 1435 1002 1499 fundus
1026 1433 1149 1526 alienus
1169 1431 1300 1519 legatus
1324 1429 1423 1494 hrerito

235 1544 270 1604 et
302 1543 417 1605 emerit
447 1543 674 1627 proprietatem
703 1540 844 1606 detracto
867 1543 928 1605 usu
947 1539 1055 1605 fructu
1078 1545 1110 1604 et
1132 1543 1209 1603 usus
1232 1536 1359 1602 fructus
1378 1533 1409 1599 ad

234 1663 312 1709 eum
335 1647 514 1728 pervenerit
538 1651 570 1712 et
592 1652 700 1732 postea
723 1649 763 1712 'ex
786 1650 977 1710 testamento
1001 1650 1094 1732 agat,
1118 1644 1203 1710 recte
1225 1663 1303 1707 eum
1328 1659 1410 1727 agere

16 1767 18 1810 1
150 1762 151 1768 ’
192 1784 194 1788 -
232 1752 269 1814 et
299 1749 435 1815 fundum
457 1756 571 1836 ‘petere
600 1751 745 1818 Iulianus
771 1753 837 1834 ait,
861 1753 937 1836 quia
960 1769 1037 1815 usus
1063 1738 1186 1815 fructus
1208 1750 1242 1812 in
1263 1748 1410 1832 petitione

198 1849 213 1882 ⁵
235 1856 404 1919 servitutis
425 1854 534 1921 locum
554 1859 694 1943 optinct3
716 1856 770 1922 sed
790 1839 892 1922 officio
912 1855 1030 1922 indicis
1049 1856 1220 1932 contineri,
1234 1859 1272 1918 ut
1285 1853 1411 1918 deducto

198 1980 201 1985 ¹
233 1979 298 2023 usu
320 1959 427 2025 fructu
446 1962 556 2027 iubeat
575 1965 830 2029 aestimationem
849 1963 1012 2047 praestari.
1048 1957 1111 2027 Sed
1130 1963 1158 2026 si
1176 1981 1246 2024 rem
1265 1957 1410 2046 legatarii
1417 1973 1431 2018 o

234 2066 308 2148 quis
332 2067 361 2129 ei
384 2064 560 2154 legaverit,
583 2067 699 2134 inutile
722 2067 869 2157 legatum
892 2073 958 2143 cst,
984 2068 1059 2152 quia
1081 2051 1358 2153 quod‘proprinm
1375 2066 1412 2127 cst

235 2169 354 2253 ipsius,
387 2169 526 2256 amplius
550 2173 619 2238 eius
641 2170 710 2238 fieri
732 2193 795 2239 non
818 2177 942 2258 potest:
967 2177 1000 2238 et
1022 2171 1099 2238 licet
1121 2171 1312 2238 alienaverit
1336 2189 1411 2243 eam,

232 2292 296 2338 non
326 2274 458 2341 debetur
487 2297 544 2342 nec
574 2279 644 2363 ipsa
666 2298 723 2344 nec
746 2269 925 2344 aestimatio
948 2280 1027 2344 eius.
1075 2275 1112 2342 Si
1134 2277 1206 2361 quis
1228 2297 1299 2340 rem
1324 2292 1429 2339 suano

198 2371 204 2401 ⁵
233 2381 326 2463 quasi
350 2380 488 2446 alienam
511 2381 686 2469 legaverit,
710 2383 798 2450 valet
820 2383 985 2471 legatum:
1009 2400 1085 2448 nam
1109 2381 1181 2468 plns
1203 2379 1311 2457 valet,
1339 2378 1412 2464 qnod

190 2495 197 2534 1
231 2486 268 2548 in
303 2488 439 2552 veritate
474 2492 541 2572 est,
573 2509 668 2574 quam
701 2487 786 2574 quod
815 2490 850 2554 in
881 2491 1036 2574 opinione.
1085 2487 1140 2553 sed
1163 2491 1195 2551 et
1219 2487 1248 2550 si
1270 2485 1413 2573 legatarii

236 2593 381 2674 putavit,
413 2591 520 2658 valere
551 2599 694 2672 constat,
727 2595 802 2679 quia
832 2595 954 2659 exitum
977 2593 1125 2662 voluntas
1150 2592 1294 2668 defuncti
1315 2595 1413 2677 potest

153 2703 158 2710 '
190 2717 193 2722 ·
230 2694 359 2760 habere.
395 2695 431 2761 Si
449 2717 519 2763 rem
538 2715 629 2764 suam
644 2699 806 2788 legaverit
825 2691 959 2765 testator
977 2693 1155 2784 posteaque
1168 2717 1240 2762 cam
1259 2695 1432 2762 alienares

229 2800 294 2882 rit,
326 2797 439 2866 Celsus
470 2805 646 2882 existimat,
676 2807 704 2869 si
727 2825 790 2871 non
813 2803 974 2870 adimendi
997 2806 1104 2880 animo
1127 2800 1411 2886 vendidit,·nibilo

233 2905 342 2970 minus
373 2907 497 2983 deberi,
531 2908 627 2994 idque
658 2910 726 2976 divi
757 2908 894 2981 Severus
923 2915 955 2975 et
978 2911 1158 2975 Antoninus
1180 2909 1412 2992 rescripserunt.

228 3007 319 3073 idem
348 3014 576 3098 rescripsemmt
599 3036 693 3099 eum,
718 3017 774 3101 qui
795 3019 868 3100 post
890 3018 1121 3080 testamentum
1144 3014 1266 3079 factum
1290 3012 1412 3099 praedia

156 3137 158 3140 ·
230 3132 315 3197 quae
346 3113 454 3203 legata
484 3124 573 3184 erant
602 3122 730 3208 pignori
753 3120 858 3196 dedit,
883 3120 1038 3186 ademisse
1060 3119 1207 3207 legatum
1229 3138 1293 3184 non
1316 3117 1413 3183 videri

230 3222 267 3282 et
297 3218 369 3285 ideo
399 3220 592 3309 legatarium
617 3247 691 3291 cum
713 3227 829 3292 herede
852 3245 946 3314 agere
968 3212 1078 3311 posse,
1101 3229 1139 3288 ut
1161 3223 1291 3310 praedia
1313 3244 1334 3290 a
1357 3244 1413 3288 cre

230 3321 336 3416 ditore
367 3325 507 3392 luantnr.
554 3333 583 3395 si
611 3352 702 3402 vero,
718 3333 788 3416 quis
818 3331 942 3417 partem
977 3331 1024 3396 rei
1054 3328 1181 3417 legatae
1216 3327 1412 3403 alienaverit,

229 3449 305 3516 Pars
340 3451 420 3516 quae
454 3457 518 3504 non
551 3442 599 3504 est
635 3436 772 3506 alienata
807 3435 990 3505 omnimodo
1021 3434 1172 3518 debetur,
1202 3454 1277 3521 pars
1307 3440 1412 3503 auten

230 3532 370 3602 alienata
399 3541 446 3606 ita
477 3542 626 3627 debetur,
658 3543 693 3608 si.
714 3562 777 3608 non
800 3541 966 3608 adimendi
986 3541 1094 3606 animo
1118 3539 1254 3605 alienata
1279 3541 1333 3606 sit.
1379 3537 1436 3604 Sio

230 3641 304 3722 quis
333 3642 469 3712 debitori
500 3668 558 3714 suo
587 3647 810 3713 liberationem
841 3646 1015 3734 legaverit,
1040 3644 1188 3732 legatum
1208 3643 1291 3710 utile
1314 3652 1365 3710 est
1387 3648 1414 3708 at

230 3761 332 3830 neque
356 3750 395 3815 ab
420 3753 488 3838 ipso
512 3753 654 3819 debitore
676 3773 779 3839 neque
801 3753 841 3818 ab
861 3751 976 3816 herede
993 3753 1062 3816 e'ins
1078 3754 1182 3836 potest
1200 3749 1292 3816 hares
1309 3756 1413 3836 petere

228 3871 287 3916 nec
306 3851 349 3919 ab
374 3853 454 3934 alio,
480 3861 536 3943 qui
558 3858 683 3926 heredis
706 3858 776 3925 loco
800 3864 864 3937 est;
889 3857 945 3923 sed
968 3861 1001 3923 et
1019 3860 1125 3943 potest
1146 3877 1164 3924 a
1184 3855 1327 3922 debitore
1348 3876 1413 3922 con·

229 3958 353 4041 veniri,
384 3965 422 4027 ut
456 3962 571 4030 liberet
608 3986 693 4031 eum.
741 3968 1000 4051 potestantem
1026 3963 1098 4050 quis
1132 3959 1187 4040 vel
1216 3961 1257 4027 ad
1287 3966 1411 4048 tempus

226 4061 338 4129 iubere
367 4087 407 4132 ne
437 4068 528 4136 heres
558 4075 658 4157 petat.
705 4057 752 4136 Ex
781 4069 938 4136 contrario
971 4069 1000 4131 si
1016 4067 1155 4156 ¹debitor
1182 4067 1332 4136 creditori
1355 4087 1435 4134 suco
