3024 4574
215 79 257 145 42
596 100 678 148 rusn.
705 83 728 146 Ι.
754 99 785 146 x.
812 81 1004 165 §all-13.

213 271 408 358 digestorum
435 289 491 334 seu
513 270 738 355 pandectarum
762 293 801 337 ex
823 275 924 338 veteri
946 273 1015 336 iure
1037 271 1241 337 collectamm
1265 289 1389 333 enume-

212 379 274 441 rari
297 377 507 460 permisimus.
1506 451 1507 454 Ἴ

258 480 294 546 Si
324 481 474 546 adversus
508 501 545 546 ea
575 501 654 566 quae
685 483 825 548 diximus
856 483 955 568 aliqui
988 485 1136 558 coierint,
1168 502 1226 546 nec
1257 483 1433 546 vinnoco
1506 519 1507 522 =

210 607 290 652 uxor
312 609 368 651 neo
393 589 523 671 nuptiae
546 609 603 652 nec
626 592 866 654 matrimonium
889 609 945 653 neo
969 589 1024 654 dos
1046 587 1257 675 intellegitur.
1281 590 1389 671 itaque
1507 657 1508 672 χ

213 696 255 766 11,
280 695 335 778 qui
359 713 398 756 ex
421 713 457 756 eo
480 695 567 758 coitu
589 701 781 778 nascuntur,¹
798 697 833 761 in
851 700 1006 779 potestate
1025 697 1124 780 patris
1142 715 1205 758 non
1224 697 1316 770 suut,
1336 691 1389 756 sed

213 799 293 864 tales
329 803 418 876 sunt,
451 805 605 883 quantum
637 799 676 865 ad
706 803 842 886 patriam
872 806 1061 886 potestatem
1090 803 1243 885 pertinet,
1267 796 1389 896 quales

210 921 292 980 sunt
316 910 362 1002 ii,
387 934 477 1006 quos
502 920 615 980 mater
638 909 746 1009 vulgo
768 911 941 1008 concepit.
985 935 1066 979 nam
1099 935 1164 980 nec
1196 909 1233 979 hi
1257 920 1392 1006 patrem

213 1021 345 1094 habore
390 1020 660 1120 intelleguntur,
699 1048 777 1094 cunr
822 1024 852 1092 is
887 1025 990 1094 etiam
1022 1023 1178 1092 incertus
1211 1032 1265 1093 est
1298 1021 1391 1093 unde

212 1134 328 1206 solent
363 1133 429 1204 filii
467 1135 578 1231 spurii
617 1133 803 1232 appellari,
841 1135 898 1207 vel
935 1163 955 1207 a
993 1133 1132 1206 Graeca
1170 1161 1258 1207 voce
1293 1137 1393 1234 quasi

214 1249 366 1329 σποράδην
393 1249 556 1344 concepti
581 1245 640 1320 vel
665 1250 765 1346 quasi
791 1251 869 1320 sine
895 1260 994 1346 patre
1019 1245 1094 1320 lilii.
1133 1253 1276 1335 sequitur
1294 1271 1389 1338 ergo,

211 1366 250 1425 ut
281 1366 313 1425 et
342 1359 496 1429 dissoluto
526 1361 586 1427 tali
619 1364 706 1427 coitu
733 1384 791 1428 nec
819 1364 902 1430 dotis
933 1363 1090 1428 exactioni
1118 1361 1207 1427 locus
1233 1364 1286 1427 sit.
1335 1363 1391 1448 qui
1507 1287 1509 1440 i

213 1472 320 1532 autem
352 1468 528 1553 prohibitas
561 1470 690 1552 nuptias
725 1475 855 1545 coeunt,
890 1475 922 1534 et
951 1468 1030 1534 alias
1060 1487 1175 1553 poenas
1204 1469 1388 1554 patiuntur,

212 1593 292 1660 quae
317 1576 414 1639 sacris
439 1574 718 1639 constitutionibus
741 1576 949 1640 continentur.

257 1676 464 1774 Aliquando
498 1687 615 1748 autem
646 1677 782 1770 evenit,
810 1688 849 1749 ut
879 1677 984 1749 libori
1017 1678 1079 1776 qui
1109 1677 1226 1748 statim
1251 1687 1290 1748 ut
1314 1679 1388 1747 nati
1410 1701 1439 1746 ¹³

208 1803 291 1862 sunt
316 1791 354 1860 in
378 1798 552 1887 potestate
576 1801 762 1886 parentum
786 1809 857 1861 non
877 1790 985 1885 liant,
1004 1800 1126 1887 postca
1148 1801 1267 1861 tamen
1287 1790 1394 1861 redi·
1509 1789 1510 1830 ³

211 1913 340 2001 gantur
377 1902 414 1971 in
447 1911 668 1998 potestatem.
723 1905 826 1990 qualis
860 1910 908 1971 est
941 1907 989 1983 is,
1025 1906 1093 1990 qui,
1128 1904 1205 1971 dum
1235 1905 1390 1972 naturalis

212 2017 332 2092 fuerat,
363 2023 473 2102 postea
495 2019 600 2081 curias
623 2015 717 2082 dctus
739 2017 889 2101 potestati
910 2017 1011 2101 patris
1034 2015 1200 2080 subicitur.
1246 2037 1303 2081 nec
1326 2036 1389 2081 non

212 2126 253 2199 is,
280 2124 336 2206 qui
357 2143 376 2187 a
399 2121 532 2188 muliere
551 2121 652 2187 libem
670 2133 868 2208 procreatus.
888 2124 979 2187 cuius
997 2124 1236 2190 matrimonium
1254 2125 1388 2188 minima

211 2227 338 2317 legibus
366 2229 572 2294 interdictum
603 2228 722 2305 luerat,
754 2228 807 2294 sed
837 2227 876 2293 ad
900 2247 995 2312 quam
1018 2233 1108 2312 pater
1130 2228 1388 2293 consuetudinem
1510 2255 1511 2262 ¹

214 2333 386 2410 habuerat,
418 2340 528 2419 postea
551 2355 589 2399 ex
612 2341 719 2401 nostra
741 2335 965 2400 constitutione
988 2333 1148 2398 dotalibus
1169 2335 1390 2398 instmmentis

212 2443 394 2524 compositis
416 2441 450 2504 in
473 2430 629 2526 potestate
651 2442 752 2526 patris
776 2438 927 2505 efficitur:
952 2438 1053 2524 quod,
1073 2441 1134 2504 etet
1154 2439 1211 2504 alii
1228 2460 1266 2504 ex
1279 2440 1388 2504 eodem

211 2546 414 2612 matrimonio
443 2567 502 2610 non
533 2545 651 2610 iirerint
680 2546 852 2631 procreati,
884 2543 1034 2610 similiter
1062 2548 1169 2610 nostra
1202 2545 1389 2611 constitutio

209 2651 358 2736 praebuit
371 2651 407 2737 ¹).

190 3835 386 3852 κ

238 3911 268 3982 1)
287 3911 322 3968 of.
348 3911 398 3968 111.
425 3914 451 3968 l.
477 3913 513 3967 2¹.
539 3913 647 3986 Krdger
672 3912 715 3969 sd.
744 3913 835 3985 »quod
855 3914 979 3982 statiis,
999 3915 1021 3972 si
1041 3932 1075 3970 ex
1094 3915 1190 3972 eodem
1209 3916 1393 3973 matrimonio

199 3997 304 4056 luerint
328 4001 477 4072 procreati,
497 4002 626 4058 similiter
643 4005 739 4058 nostra
757 4004 923 4060 constitutio
942 4004 1098 4076 praebuit.”
1118 4008 1148 4061 et
1166 4005 1301 4062 adnotat:
1322 4005 1392 4063 cod.

200 4092 226 4146 5.
247 4093 295 4159 27,
317 4093 360 4148 11.
379 4110 463 4164 quam
478 4089 573 4165 ⁴legem
594 4094 686 4150 adeas.
