2890 4616
207 29 273 97 328
468 46 551 136 insu.
576 29 630 96 Vl.
653 47 701 96 111.
721 26 806 115 §lit
828 47 872 96 rr.
897 47 944 117 pr.
967 27 1057 115 551,
1082 27 1115 94 2.

203 217 386 290 hemeuter
423 219 556 317 egerit,
588 229 627 290 ut
657 229 896 315 rumperetur,
933 229 994 288 aut
1025 242 1134 314 pecus
1171 218 1209 286 iu
1246 223 1359 284 tautum

203 333 451 430 exagitaverit,
481 342 520 402 ut
550 333 856 429 praecipitaretur,
888 342 949 401 aut
980 331 1010 401 si
1034 330 1113 426 quis
1139 328 1255 400 aliene
1278 351 1361 398 serve

202 446 434 541 persuaserit,
466 454 506 514 ut
531 447 568 515 in
593 442 756 516 arborem
782 442 990 514 ascenderet
1013 441 1070 513 vel
1094 443 1134 510 in
1155 452 1297 539 putenm
1318 439 1363 509 de

203 556 405 650 scenderet,
431 566 466 626 et
489 558 519 627 is
541 555 765 628 ascendendo
792 556 848 630 vel
872 553 1122 626 descendendo
1144 564 1205 624 aut
1223 561 1364 623 mortuus

203 669 311 741 suerit
335 681 395 741 aut
420 668 537 767 aliqua
563 681 662 766 parte
687 671 845 768 cumeris
869 667 987 740 laesus
1013 667 1098 756 erit,
1124 667 1220 739 utilis
1245 668 1284 735 iu
1304 692 1366 736 eun

202 784 295 854 actio
328 782 441 854 datur.
493 785 547 850 sed
582 784 612 855 si
646 785 725 882 quis
755 782 909 855 alienum
943 808 1081 852 servum
1112 781 1157 852 de
1191 789 1300 880 ponte
1322 789 1368 848 aut

200 897 278 992 ripa
312 897 347 965 iu
382 895 513 967 llumeu
550 894 719 967 deiecerit
745 906 779 966 et
805 897 835 966 is
861 895 1051 966 suffocatus
1073 895 1193 980 luerit,
1219 919 1264 966 en
1290 891 1368 989 quod

200 1010 389 1105 proiecerit
426 1035 573 1106 corpore
612 1035 676 1080 suo
714 1008 880 1079 damnum
916 1006 1057 1080 dedisse
1090 1035 1162 1078 unu
1194 1005 1369 1077 difficiliter

203 1121 361 1221 intellegi
386 1123 515 1218 peterit
537 1124 669 1212 ideoque
693 1125 762 1207 ipsa
784 1122 856 1212 lege
878 1121 1009 1207 Aquilia
1032 1127 1164 1187 tenetur.
1200 1121 1258 1186 sed
1277 1123 1304 1186 si
1321 1141 1370 1186 neu

203 1257 329 1321 corpore
353 1237 506 1302 damnum
529 1235 626 1301 fuerit
648 1237 760 1301 datum
783 1257 885 1322 neque
907 1257 1019 1320 corpus
1040 1234 1163 1302 laesum
1186 1237 1305 1311 fuerit,
1328 1233 1369 1298 sed

204 1343 266 1408 alio
300 1342 395 1407 modo
427 1343 581 1406 damnum
613 1341 709 1408 alicui
744 1345 896 1431 contigit,
930 1364 1004 1407 eum
1037 1362 1100 1408 nou
1131 1341 1250 1408 suffieit
1285 1359 1370 1424 neque

204 1449 323 1514 directa
345 1469 446 1533 neque
469 1449 560 1514 utilis
582 1448 729 1534 Aquilia,
754 1449 875 1536 placuit
898 1470 990 1526 eum,
1016 1451 1070 1534 qni
1094 1450 1251 1514 obnoxius
1271 1447 1368 1518 fuerit,

205 1557 239 1618 in
268 1554 389 1619 factum
421 1557 542 1620 actione
573 1558 688 1620 teneri:
721 1556 824 1620 veluti
856 1558 883 1620 si
914 1557 985 1640 quis
1020 1555 1236 1621 misericordia
1271 1553 1370 1618 ductus

177 1743 179 1748 ,
204 1659 346 1734 ahenum
370 1681 499 1734 servum.
521 1662 740 1756 compeditum
764 1661 912 1750 solverit,
936 1665 974 1734 nt
996 1659 1131 1753 fugeret.

707 1889 710 1895 ’
766 1873 838 1940 ΠΠ.

665 2043 716 2101 DE
736 2041 911 2102 munus,

248 2165 445 2272 Generaliter
479 2205 596 2270 iniuria
629 2204 747 2269 dieitur
781 2225 874 2271 omne
908 2206 992 2291 quod
1026 2226 1089 2270 uon
1123 2206 1193 2268 iure
1228 2202 1283 2267 fit:
1314 2223 1369 2286 spe-

200 2311 324 2378 cialiter
347 2310 425 2377 alias
448 2309 658 2394 contumelia,
684 2331 763 2396 qnae
787 2332 805 2375 a
829 2312 1057 2376 contemnendo
1080 2311 1165 2376 dieta
1188 2315 1257 2388 eat,
1283 2328 1367 2394 qnam

199 2414 313 2484 Graeci
343 2415 429 2496 ὕβριν
461 2415 639 2504 appellant,
666 2415 747 2508 ¹alias
771 2416 883 2503 culpa,
909 2437 1004 2503 qnam
1028 2413 1143 2482 Graeci
1166 2413 1310 2492 atilanum
1333 2413 1369 2485 di·

181 2509 291 2595 cunt,
326 2526 408 2589 sieut
439 2526 473 2588 iu
503 2522 576 2610 lege
606 2521 736 2607 Aquilia
766 2523 919 2588 damnum
951 2525 1068 2588 iniuria
1099 2523 1275 2608 accipitur,
1304 2519 1369 2584 alias

198 2630 350 2714 iniqnitas
374 2635 406 2694 et
427 2630 603 2704 iniustitia,
629 2648 726 2712 quam
751 2625 864 2694 Graeci
888 2613 1009 2693 dicatae
1033 2634 1155 2694 vocant.
1193 2649 1269 2692 cum
1294 2627 1367 2690 euim

197 2740 322 2820 praetor
353 2733 406 2800 vel
435 2735 532 2799 iudex
560 2754 623 2799 non
654 2735 723 2798 iure
753 2740 861 2799 contra
884 2757 978 2821 quem
998 2737 1199 2820 pronuntiat,
1225 2733 1366 2798 iniuriam

196 2842 351 2924 accepisse
389 2839 516 2906 dieitur.
564 2837 699 2908 luiuria
732 2849 848 2908 autem
880 2840 1109 2911 committitur
1142 2864 1215 2908 neu
1250 2835 1381 2924 salumn

197 2975 276 3020 cum
308 2951 387 3046 quis
417 2947 541 3048 pugne
564 2961 647 3047 puta
679 2950 917 3022 aut'l'ustibus
944 2963 1067 3023 caesus
1091 2950 1148 3023 vel
1174 2951 1280 3022 etiam
1305 2973 1366 3018 ver

194 3055 338 3133 beratus
371 3063 456 3148 erit,
491 3062 553 3133 sed
587 3065 693 3134 etiam
726 3065 756 3135 si
784 3066 840 3136 cui
872 3065 1071 3136 convicium
1098 3063 1230 3136 factum
1257 3061 1365 3149 suerit,

194 3176 268 3246 sive
304 3176 403 3244 euius
437 3174 531 3246 bena
565 3177 667 3273 quasi
699 3175 869 3248 debitoris
905 3199 1046 3265 possessa
1076 3179 1195 3244 firerint
1234 3173 1280 3248 ab
1316 3197 1364 3262 ee,

195 3290 256 3386 qui
289 3286 519 3384 intellegebat
553 3286 640 3358 nihil
672 3315 752 3360 eum
787 3289 856 3363 sibi
888 3289 1039 3384 debere,
1071 3288 1129 3360 vel
1159 3291 1190 3361 si
1221 3289 1300 3388 quis
1329 3283 1362 3354 ad

193 3400 375 3474 infamiam
408 3399 556 3472 alieuius
581 3397 741 3472 libellum
766 3416 826 3474 aut
852 3429 994 3474 carmen
1017 3404 1199 3500 scripserit
1226 3425 1362 3498 compn-

193 3515 301 3584 suerit
327 3511 476 3585 ediderit
502 3512 628 3586 dolove
651 3515 911 3602 malefecerit,
935 3542 1005 3614 quo
1026 3514 1110 3613 quid
1124 3541 1247 3587 earum
1259 3513 1359 3590 fieret,

191 3629 265 3699 sive
306 3629 385 3725 quis
404 3687 406 3694 ‚
422 3638 570 3699 matrem
614 3628 768 3701 familias
811 3641 870 3702 aut
913 3639 1166 3727 praetextatum
1204 3631 1359 3714 praetexta-

191 3746 299 3808 tamve
332 3739 533 3811 adsectatus
565 3741 694 3831 fuerit,
728 3747 794 3810 sive
835 3747 927 3810 euius
955 3744 1109 3829 pudicitia
1132 3747 1288 3808 attentata
1308 3757 1358 3804 esse

190 3855 330 3920 dicetur:
365 3862 401 3922 et
429 3853 581 3952 denique
616 3854 693 3925 aliis
724 3855 883 3952 pluribus
910 3853 1026 3926 modis
1052 3854 1189 3926 admitti
1214 3852 1355 3923 iniuriam

187 3962 410 4058 manifestum
447 3978 508 4036 est.
561 3968 700 4038 Patitur
725 3980 842 4042 autem
867 3971 947 4068 quis
971 3970 1134 4039 iniuriam
1160 3995 1236 4040 non
1263 3964 1371 4038 aalma

186 4103 249 4176 per
287 4079 572 4184 semetipsum,
606 4078 669 4150 sed
704 4083 808 4153 etiam
842 4108 905 4185 per
936 4079 1069 4158 liberos
1100 4107 1184 4158 suos
1217 4105 1303 4182 quus
1326 4076 1354 4145 in
