2964 4596
1198 22 1241 94 79

1291 215 1334 282 36

1286 328 1337 374 asv
1346 309 1379 396 1)

9 513 65 602 133)
115 514 343 585 Admonendi
376 527 493 586 autem
527 541 663 609 sumus,
695 514 846 586 liberum
881 542 958 588 esse
985 518 1168 590 arbitrium
1194 523 1247 617 ei,
1268 413 1379 501 (Η)

70 629 122 727 qui
145 626 256 698 lilium
284 637 387 699 etex
421 653 463 699 eo
490 639 653 725 nepotem
680 629 718 699 in
741 639 916 726 potestate
941 629 1106 729 habebit,
1132 633 1245 705 lilium

70 739 203 840 quidem
235 767 255 811 e
289 752 463 838 potestate
496 741 696 833 dimittere,
725 752 891 839 nepotem
913 769 998 815 vero
1020 747 1077 818 vel
1101 759 1241 845 neptem

68 855 100 924 in
132 863 303 950 potestate
338 855 511 948 retinere3
539 855 596 925 vel
630 882 673 927 ex
706 856 867 945 diverso,
901 855 1014 928 lilium
1048 859 1191 957 quidem
1216 863 1253 932 in

67 978 231 1065 potestate
257 968 408 1038 retinere
419 977 612 1065 ‚nepotem
633 994 716 1039 vero
735 967 792 1040 vel
818 979 956 1065 neptem
977 974 1241 1062 manumitter03

68 1079 118 1152 vel
144 1105 267 1151 omnes
292 1080 345 1150 sui
370 1081 455 1151 iuris
482 1079 640 1153 ellieere.
684 1080 822 1153 Eadem
849 1092 884 1151 et
909 1080 954 1153 de
972 1097 1166 1183 pronepote
1184 1085 1250 1158 vel

67 1203 231 1290 pronepte
259 1191 354 1264 dieta
378 1217 455 1264 esse
479 1193 737 1292 intellegemus.
751 1192 770 1284 ΙΙ

58 1419 247 1432 ..ι-ιι·-

96 1545 121 1613 ¹⁴)
139 1543 174 1596 In
196 1543 250 1596 hae
272 1559 337 1612 pag.
363 1542 498 1597 exteriore
525 1542 649 1597 Studem.
675 1560 710 1598 ne
736 1543 831 1613 aliqua
848 1543 962 1613 quidem
981 1545 1131 1600 securitate
1150 1560 1245 1600 eruere

61 1686 149 1754 potuit
174 1684 229 1739 nisi
253 1685 337 1740 haee:
364 1704 390 1740 v.
418 1687 434 1738 2
461 1686 525 1754 (sub
551 1687 647 1756 finem)
672 1689 760 1773 mise&
784 1705 811 1741 v.
838 1687 854 1740 3
881 1687 913 1756 (s.
934 1685 966 1757 f.)
985 1639 1047 1776 ⁸⁷ll'3
1065 1705 1092 1741 v.
1112 1687 1138 1741 6.
1157 1687 1193 1750 (s.
1211 1688 1245 1760 f.)

60 1853 246 1942 eptieipbopirb
268 1869 294 1904 v.
322 1851 353 1904 11
381 1852 457 1921 (post
479 1851 496 1905 8
521 1851 643 1919 litteras)
667 1854 701 1905 tio
727 1852 768 1922 (et
793 1851 844 1906 sub
867 1851 913 1906 fin.
934 1811 1049 1941 ebatum
1075 1870 1102 1905 v.
1123 1853 1157 1908 12
1177 1854 1246 1924 (fere

61 1963 129 2018 med.
146 1965 269 2016 mmissae
285 1964 387 2031 fuerim
404 1982 425 2052 r.
470 1963 617 2018 Caeterum
636 1962 704 2018 Gaio
724 1962 818 2018 deberi
837 1980 885 2028 ea,
905 1979 976 2032 quas
995 1964 1026 2017 in
1045 1963 1154 2019 textum
1174 1982 1247 2021 rece·

60 2075 166 2145 pimm,
184 2076 285 2128 testem
305 2073 441 2129 habemus
457 2079 475 2129 t.
493 2074 537 2130 28.
555 2074 582 2128 d.
598 2073 633 2129 de
649 2074 743 2145 adopt.
760 2075 802 2145 (1,
820 2077 867 2145 7.),
886 2075 1037 2144 Reliquum
1053 2079 1248 2146 argumentum

59 2165 138 2219 huius
165 2181 229 2235 pag.
255 2164 437 2234 repetendum
463 2167 506 2220 est
531 2181 565 2219 ex
584 2163 658 2218 hisee
679 2163 731 2218 Gai
749 2164 825 2234 Epit.
844 2163 899 2219 111.
920 2165 954 2220 61
977 2165 1067 2219 »Item
1085 2182 1135 2235 per
1154 2183 1248 2221 eman·

60 2255 226 2326 oipationem
251 2253 301 2307 filii
326 2254 367 2308 sui
391 2253 459 2309 iuris
485 2254 649 2309 efficiuntur.
688 2253 741 2308 Sed
766 2253 839 2308 filius
858 2255 999 2309 masculus
1018 2255 1108 2310 tribus
1125 2255 1248 2312 emanci-

56 2344 216 2416 pationibus
231 2343 265 2398 de
284 2347 424 2414 potestate
442 2344 530 2415 patris
548 2344 607 2399 exit
626 2347 655 2400 et
675 2344 717 2398 sui
735 2344 803 2398 iuris
819 2343 943 2399 effioitur.
969 2343 1177 2414 Emancipatio,
1193 2345 1247 2400 hoo

56 2438 97 2490 est
120 2451 223 2489 manus
246 2432 378 2502 traditio,
397 2435 535 2505 quaedam
555 2434 709 2490 similitudo
728 2432 897 2489 venditionis
916 2436 973 2500 est;
993 2435 1060 2502 quia
1077 2433 1107 2487 in
1126 2434 1250 2489 emanci-

54 2523 216 2595 pationibus
240 2526 352 2593 praeter
373 2528 446 2579 illem
465 2525 504 2596 (l)
522 2526 575 2580 hoc
595 2528 651 2590 est,
670 2527 777 2579 eertum
797 2526 921 2593 patrem,
942 2524 1013 2578 aliur
1032 2525 1113 2593 pater
1131 2522 1246 2578 adhibe·

55 2616 114 2679 tur,
139 2613 191 2682 qui
214 2611 371 2667 fiduciarius
396 2615 564 2669 nominatur.
594 2614 666 2684 Ergo
695 2613 755 2684 ipse
780 2611 916 2668 naturalis
941 2617 1023 2683 pater
1047 2611 1137 2666 lilium
1165 2629 1247 2666 suum

54 2703 197 2758 fiduciario
218 2702 293 2773 patri
311 2704 467 2775 mancipat,
487 2706 541 2760 hoe
560 2706 618 2770 est,
637 2721 723 2758 manu
734 2703 873 2775 ⁸tradit(!);
894 2720 911 2757 a
930 2700 1145 2772 quo'fiduoiario
1164 2704 1245 2772 patre

53 2793 190 2848 naturalis
217 2795 298 2862 pater
325 2811 413 2848 unum
441 2797 492 2849 aut
516 2795 584 2849 duos
610 2811 738 2848 nummos
762 2793 841 2862 quasi
867 2793 894 2847 in
922 2791 1136 2848 similitudinem
1160 2790 1245 2861 pretii

53 2883 170 2953 recipit,
195 2885 224 2937 ot
247 2883 350 2937 iterum
376 2900 453 2948 oum,
480 2883 602 2954 acceptis
625 2884 761 2949 nummis,
785 2883 928 2938 fiduciario
952 2882 1029 2953 patri
1053 2881 1148 2938 tradit.
1185 2881 1246 2936 Hoo

54 2972 175 3027 seeundo
194 2974 224 3027 et
242 2973 326 3028 tertio
346 2973 392 3039 fit;
412 2977 442 3028 et
460 2973 544 3028 tertio
564 2991 626 3028 oum
647 2973 733 3045 (legor
753 2975 829 3043 enm)
848 2972 991 3028 fiduciario
1009 2970 1086 3042 patri
1104 2971 1249 3041 mancipat

54 3062 82 3115 et
100 3062 191 3117 tradit
207 3064 237 3117 et
253 3063 293 3116 sio
310 3062 344 3117 de
357 3063 446 3133 patris
461 3065 602 3133 potestate
621 3062 688 3117 exit.
726 3063 801 3128 Quae
820 3065 916 3116 tamen
936 3060 1123 3130 emancipatio
1138 3060 1247 3115 solebat

53 3154 118 3207 ante
135 3152 292 3222 praesidem
308 3152 376 3206 lieri.
396 3153 479 3208 modo
498 3165 564 3208 ante
590 3152 696 3208 curiam
722 3151 849 3208 facienda
875 3154 926 3206 ert.
952 3150 1002 3204 ubi
1019 3151 1142 3220 quinque
1162 3152 1249 3204 testes

53 3240 126 3296 eires
153 3241 272 3297 Romani
297 3242 328 3295 in
353 3243 494 3312 praesenti
520 3245 603 3297 erunt
626 3244 655 3297 et
679 3258 730 3312 pro
753 3242 816 3308 illo,
840 3241 889 3310 qui
913 3241 1047 3310 libripens
1072 3240 1248 3310 appellatur,

53 3328 82 3383 id
108 3334 153 3387 est
177 3335 312 3386 stateram
336 3333 447 3394 tenens,
473 3332 568 3400 etqui
589 3333 746 3386 antestatus
766 3332 959 3404 appellatura
978 3329 1028 3384 alii
1046 3329 1116 3396 duo,
1136 3339 1169 3384 ut
1188 3346 1250 3399 sep-

54 3421 112 3475 tem
141 3421 259 3476 testium
287 3438 419 3476 numerus
444 3423 604 3492 impleatur.
645 3423 744 3476 Tamen
768 3442 846 3493 qaum
874 3424 947 3476 tertio
976 3422 1140 3490 mancipatae
1162 3421 1251 3488 faem‘t
1284 3435 1286 3440 ·

48 3510 124 3579 filiae
154 3530 171 3565 a
195 3521 274 3581 petre
301 3514 421 3566 natarali
442 3515 586 3582 fiduciario
612 3517 703 3583 patri,
731 3516 779 3567 too
806 3531 884 3583 apere
910 3512 981 3565 debet
1003 3511 1134 3563 nataralia
1154 3520 1249 3579 peter,

53 3609 81 3651 at
108 3603 134 3654 ei
162 3620 180 3654 a
203 3603 348 3672 fiduciario
372 3612 451 3673 petre
478 3604 683 3673 remancipetm,
711 3613 737 3658 et
761 3621 779 3656 a
803 3603 923 3656 natarali
935 3611 1014 3671 petre
1033 3601 1251 3664 manumittatur,

52 3698 81 3742 at
108 3691 134 3743 ri
160 3691 233 3760 filiae
260 3692 304 3745 ille
331 3702 449 3746 mmmm
472 3693 575 3760 faerit,
603 3694 628 3746 ei
654 3694 683 3746 ia
710 3695 849 3746 hereditate
874 3692 1005 3744 naturalis
1028 3699 1107 3760 peter
1134 3707 1186 3742 aea
1209 3689 1250 3759 fl-

53 3779 188 3834 ductarier
215 3782 344 3834 suecedet.
389 3782 514 3835 Feminae
542 3783 582 3835 ael
608 3791 710 3853 nepotes
737 3783 849 3836 maseuli
875 3799 906 3835 ea
932 3781 989 3850 filio
1017 3796 1070 3832 aaa
1100 3781 1249 3849 emancipe·

55 3869 121 3923 tiene
157 3871 187 3923 de
218 3872 308 3940 patre'e
336 3872 376 3925 oet
405 3873 450 3924 avi
476 3881 568 3925 eeeaat
595 3881 718 3940 potestate
745 3881 770 3926 et
796 3873 839 3924 sui
865 3872 930 3924 iaris
958 3870 1118 3940 efficienter.
1157 3870 1195 3922 Et
1222 3871 1252 3924 la'

53 3958 112 4026 ipsi,
154 3961 293 4030 quemlebet
329 3979 384 4014 aaa
420 3963 610 4030 mancipatione
648 3963 679 4016 de
712 3963 802 4032 patrie
839 3962 879 4015 ael
914 3961 959 4013 avi
988 3968 1114 4030 potestate
1141 3969 1249 4026 exeant,

52 4049 104 4100 ιιιζςί
138 4066 156 4102 a
190 4060 269 4120 patre
296 4051 441 4121 fiduciario
473 4053 648 4122 remenapati
680 4049 778 4120 fuerim
810 4061 836 4106 et
861 4068 880 4104 a
907 4051 1028 4103 natarali
1049 4058 1128 4120 patre
1155 4065 1249 4101 meaa-
