2890 4616
228 53 292 122 316
616 75 701 125 nnsn.
723 58 777 125 IV.
801 79 823 125 1.
847 59 883 143 ᾗῇ
897 55 1040 127 15-17.

224 247 309 314 idam
344 251 391 313 est
426 251 459 312 ct
494 249 522 312 si
555 251 590 313 in
624 255 714 336 parte
749 249 898 316 solvendo
931 252 995 314 sint
1026 249 1106 314 fullo
1137 254 1195 314 aut
1227 251 1375 316 sarcinator.

224 353 326 444 Quae
340 351 384 423 de
397 351 533 456 sulione
547 364 582 424 et
600 357 815 425 seminatore
833 353 1005 440 diximus,
1021 352 1143 424 eadem
1159 365 1195 425 et
1208 353 1254 424 ad
1266 359 1394 442 eunntntn

223 466 279 537 cui
306 464 529 537 commodata
554 493 612 537 res
639 479 692 538 cst
716 467 964 539 transferenda
987 480 1123 539 veteres
1145 467 1379 538 existimabant:

224 605 305 649 nam
326 585 365 650 ut
386 578 446 650 illc
470 577 558 650 finito
580 579 782 688 mercedem
801 581 1006 680 accipiendo
1028 581 1223 653 custodiam
1239 593 1381 678 praestat,

223 693 271 766 ita
304 693 335 765 is
371 721 533 794 quoque,
568 698 629 794 qui
664 694 887 767 commodum
914 695 1036 767 utendi
1061 697 1228 794 percipit,
1257 694 1383 765 similiter

224 833 369 880 necesse
401 808 510 879 habet
542 808 739 880 custodiam
770 820 960 905 praestare.
1004 811 1059 876 sed
1082 815 1189 876 nostra
1212 809 1382 897 providentia

225 923 324 987 otiam
354 924 414 990 hoc
443 927 478 989 in
508 923 720 989 decisionibus
742 928 859 991 nostris
882 925 1081 1002 emendavit,
1107 927 1202 990 utin
1225 925 1341 988 domini
1357 925 1383 986 sit

225 1027 407 1108 voluntate,
443 1032 510 1097 sive
546 1031 741 1112 commodati
774 1034 930 1096 actionem
966 1032 1116 1098 adversus
1151 1053 1224 1096 eum
1261 1031 1315 1119 qui
1341 1050 1384 1092 ren

226 1137 461 1202 commodatam
485 1140 607 1222 accepit
629 1159 757 1204 movere
783 1137 956 1212 desiderat,
980 1139 1049 1203 sive
1070 1135 1149 1202 furti
1168 1137 1318 1202 adversus
1334 1156 1384 1199 enn
1419 1151 1420 1178 ³

227 1243 283 1327 qui
304 1263 372 1307 rem
392 1244 570 1328 subripuit,
591 1251 622 1308 et
644 1243 796 1309 alterutra
813 1263 923 1310 earum
943 1243 1042 1308 electa
1063 1243 1230 1308 dominum
1251 1264 1313 1308 non
1322 1262 1385 1326 posse

226 1368 265 1411 ex
296 1351 490 1433 poenitentia
517 1351 557 1415 ad
579 1350 713 1415 alteram
737 1353 845 1416 venire
869 1351 1036 1415 actionem.
1084 1350 1138 1415 sed
1161 1353 1189 1413 si
1212 1349 1340 1438 quidem
1356 1347 1386 1410 tn-

225 1467 294 1519 rem
326 1454 475 1544 clegerit,
507 1455 604 1520 iilum
629 1459 684 1545 qui
705 1478 773 1521 nem
796 1456 950 1522 utendam
974 1457 1096 1544 accepit
1118 1459 1248 1541 penitus
1271 1454 1385 1518 liberari.

225 1561 275 1626 sin
307 1567 414 1626 autem
448 1564 664 1630 commodator
687 1566 795 1630 veniat
819 1563 969 1628 adversus
993 1583 1067 1626 eum
1089 1563 1144 1648 qni
1166 1583 1235 1626 rem
1261 1561 1387 1627 utendam

226 1670 366 1753 accepit,
387 1671 450 1753 ipsi
467 1669 596 1761 quidem
617 1669 817 1735 nullomodo
835 1675 1011 1753 competere
1024 1689 1113 1754 posse
1125 1669 1298 1734 adversum
1310 1668 1387 1731 suren

223 1771 307 1838 furti
319 1777 494 1852 actionem,
510 1797 584 1840 eum
596 1782 703 1840 autem
716 1777 772 1860 qui
784 1795 840 1859 pro
851 1795 885 1839 re
898 1774 1099 1840 commodata
1112 1777 1312 1858 convenitur,
1320 1794 1388 1858 posse

229 1880 379 1946 adversus
392 1882 496 1946 iurem
508 1881 587 1945 fonti
598 1881 713 1946 habene
727 1884 900 1960 actionem,
914 1883 961 1945 ita
973 1887 1097 1960 tamen,
1112 1885 1140 1947 si
1152 1883 1302 1948 dominus
1314 1881 1389 1945 sciens

226 2006 294 2050 nom
315 2007 381 2052 esse
393 1988 577 2080 subreptam
590 1988 740 2053 adversus
753 2010 827 2053 eum
840 1989 893 2053 cui
904 2007 953 2053 nes
964 1989 1164 2055 commodata
1175 1989 1240 2052 finit
1251 1987 1388 2073 pervenit:

224 2092 274 2155 sin
295 2096 403 2157 autem
420 2096 544 2160 nescius
564 2099 596 2159 et
615 2095 764 2160 dubitans
785 2116 853 2160 rem
874 2115 935 2160 non
955 2115 1021 2159 esse
1033 2096 1116 2180 apud
1130 2117 1203 2160 eum
1217 2092 1389 2159 commodati

119 2247 121 2250 .
225 2199 381 2263 actionem
399 2201 558 2278 instituit,
580 2206 689 2286 postea
709 2206 816 2267 autem
834 2223 867 2266 re
881 2206 1041 2287 comperta
1052 2202 1157 2268 voluit
1167 2203 1332 2266 remittere
1342 2200 1390 2282 qni·

226 2304 301 2369 dem
322 2307 516 2372 commodati
534 2309 709 2384 actionem,
731 2307 769 2372 ad
783 2307 861 2371 furti
876 2313 982 2372 autem
997 2311 1179 2391 pervenire,
1194 2313 1271 2372 tunc
1284 2305 1390 2372 licentia

224 2411 254 2476 ei
269 2413 457 2478 concedatur
469 2419 500 2478 et
513 2413 663 2479 adversus
674 2413 777 2477 turem
791 2414 996 2481 venirenullo
1006 2414 1169 2480 obstaculo
1179 2417 1208 2478 ei
1218 2411 1389 2499 opponendo,

223 2519 374 2602 quoniam
389 2519 528 2584 incertus
540 2522 732 2586 constitutus
744 2523 846 2586 movit
858 2520 1008 2587 adversus
1020 2542 1093 2586 eum
1108 2523 1163 2605 qui
1175 2542 1245 2585 nem
1257 2519 1389 2583 utendam

226 2626 346 2709 accepit
365 2626 558 2690 commodati
576 2628 734 2692 actionem
749 2665 791 2674 -
803 2629 867 2692 nisi
887 2627 1016 2693 domino
1034 2628 1072 2692 ab
1085 2647 1122 2692 oo
1134 2627 1333 2692 satisfactum
1344 2627 1389 2688 cst:

224 2732 300 2793 tunc
320 2732 440 2795 etenim
458 2732 640 2797 omnimodo
660 2733 764 2797 furam
784 2753 802 2797 a
822 2733 950 2798 domino
966 2733 1095 2818 quidem
1108 2733 1188 2797 furti
1200 2735 1324 2797 actione
1333 2729 1390 2794 libe·
1420 2779 1421 2782 η

221 2837 286 2900 rari
294 2883 303 2914 ,
325 2840 527 2924 suppositum
548 2843 735 2904 autemesse
747 2841 795 2923 ei,
809 2841 864 2924 qui
876 2861 932 2924 pro
944 2861 978 2904 re
991 2840 1052 2904 sibi
1064 2839 1267 2906 commodata
1279 2837 1386 2902 domino

228 2941 380 3007 satisfecit
400 2981 452 3021 -,
474 2966 547 3009 cum
564 2938 860 3010 manifestissimum
875 2951 936 3024 est,
953 2948 1051 3011 etiam
1064 2948 1091 3010 si
1104 2946 1143 3010 ab
1157 2946 1251 3009 initio
1264 2944 1389 3009 dominns
1422 2935 1423 2938 ’

228 3048 386 3114 actionem
409 3050 551 3115 instituit
574 3052 768 3116 commodati
790 3053 921 3139 ignarus
945 3072 1012 3116 nem
1036 3073 1103 3116 esse
1125 3051 1325 3135 subreptam,
1342 3067 1389 3132 pon·

224 3158 276 3218 tea
306 3161 414 3220 autem
446 3157 505 3222 hoc
528 3160 557 3223 ei
581 3161 708 3245 cognito
732 3158 882 3223 adversus
904 3158 1007 3222 funem
1033 3160 1203 3234 transivit,
1229 3153 1389 3222 omnimodo

222 3257 351 3324 liberari
379 3283 454 3326 eum
485 3265 541 3348 qui
566 3285 635 3328 rem
659 3264 894 3330 commodatam
918 3267 1057 3349 accepit,
1082 3284 1315 3349 quemcumque
1337 3279 1388 3324 cau·

222 3384 275 3430 sae
306 3367 429 3431 exitum
462 3368 608 3434 dominus
641 3369 791 3436 adversus
821 3369 926 3435 furem
958 3370 1124 3435 habuerit:
1162 3368 1273 3434 eadem
1304 3364 1388 3431 defini·

222 3472 308 3536 tione
331 3475 509 3558 optinente,
535 3476 603 3540 sive
626 3477 660 3539 in
682 3482 806 3561 partem
830 3478 898 3541 siva
923 3479 957 3540 in
980 3476 1119 3541 solidum
1143 3474 1294 3540 solvendo
1317 3471 1387 3537 sitin

223 3579 280 3662 qui
312 3599 382 3644 rem
414 3581 648 3646 commodatam
672 3584 803 3667 accepit.
855 3579 929 3652 Sed
955 3580 1005 3674 is,
1030 3579 1122 3677 apud
1150 3606 1257 3678 quem
1281 3575 1403 3662 res(a)t

221 3685 381 3784 deposita
415 3703 469 3762 est
498 3692 693 3763 custodiam
729 3718 801 3761 non
834 3704 1011 3790 praestat,
1048 3691 1110 3764 sed
1146 3704 1282 3764 tantum
1304 3693 1337 3760 in
1358 3713 1386 3757 eo

221 3799 394 3875 obnoxius
420 3817 491 3898 est,
520 3806 550 3876 si
575 3805 660 3902 quid
682 3806 757 3903 ipse
780 3804 864 3876 dolo
885 3805 980 3876 malo
1001 3805 1144 3887 fecerit:
1166 3831 1236 3903 qua
1250 3804 1295 3875 de
1306 3826 1385 3876 cansa

220 3914 250 3984 si
283 3940 339 3986 res
375 3919 408 3988 ei
439 3917 604 4016 subrepta
636 3918 762 4006 fuerit,
796 3920 877 4017 quia
903 3918 1141 3991 restituendae
1169 3921 1244 3990 eius
1266 3917 1383 3989 nomine

217 4024 368 4125 depositi
403 4058 475 4102 nou
504 4042 643 4103 tenetur
669 4059 733 4105 nec
760 4031 806 4102 oh
835 4031 872 4102 id
900 4032 974 4102 eius
1001 4033 1148 4105 interest
1174 4058 1248 4103 rem
1273 4031 1382 4102 salvan

221 4166 309 4232 esse,
324 4142 408 4216 furti
424 4170 530 4242 affere
544 4171 616 4217 non
628 4155 764 4242 potest,
779 4144 842 4216 sed
856 4145 942 4238 furti
955 4147 1047 4219 actio
1061 4146 1206 4219 domino
1219 4143 1374 4240 competit.
