2880 4614
412 63 481 120 aa
501 51 560 118 111.
582 53 617 137 §a
631 48 820 119 rac-rsa.
1151 47 1219 118 aar

38 249 143 329 itaque
177 247 203 308 si
220 303 223 312 ,
238 247 372 310 otiosam
405 245 574 326 pecuniam
609 242 696 307 domi
729 246 801 306 tuae
834 243 1040 332 [t]atbentem
1068 243 1213 308 hortatus
1225 263 1251 306 re

39 352 171 428 fuerim,
191 353 195 434 Ι
216 357 252 414 ut
274 367 345 415 eam
369 349 524 414 fenerares
548 351 695 433 quamvis
718 369 785 412 eam
809 350 838 413 ei
861 353 1010 414 mutuam
1034 347 1174 431 dederis,
1198 369 1253 412 ara

39 477 96 541 quo
117 459 122 540 Ι
142 477 266 523 servare
289 476 351 520 non
374 457 532 540 potueris,
554 459 746 521 nontamen
766 455 897 520 habebis
915 475 1044 519 mecum
1064 454 1214 540 mauldota'
1226 476 1260 538 n,
1274 477 1299 520 rs

38 565 201 628 actionem.
248 561 298 626 lta
329 563 418 626 etiae
431 558 456 645 1Ι
482 563 510 624 si
533 561 678 626 hortatus
702 563 781 637 sim,
804 562 809 644 Ι
830 568 863 624 at
886 581 946 623 rem
969 559 1111 644 aliquam
1134 581 1254 625 emera

37 689 99 742 res,
132 689 232 753 quum
263 689 326 734 non
355 667 529 752 expedierit
560 668 621 730 tibi
652 687 723 730 eam
754 669 897 748 emistse,
929 686 992 730 non
1024 671 1132 729 tamen
1154 666 1216 730 tibi
1227 688 1252 731 ar

39 774 179 838 mandati
202 776 302 840 teneri
325 775 468 856 [poteret
516 771 558 836 dr
582 771 658 836 adeo
678 773 756 837 haec
780 775 827 838 ita
850 777 940 846 sunt,
961 777 999 835 ut
1017 763 1213 856 quaelratur,
1226 794 1252 836 ra

37 900 74 944 an
95 881 239 946 mandati
262 884 423 956 teneatur,
449 881 503 964 qui
526 877 692 943 mandarit
715 879 776 942 tibi
799 884 836 942 ut
859 877 957 963 Titilo
979 879 1148 963 pecuniam
1171 877 1215 943 fe·
1228 898 1253 941 ro

36 1006 172 1052 narares:
199 987 224 1067 2)
237 985 368 1051 Servius
386 987 534 1072 negavit;
557 986 562 1067 Ι
584 985 664 1070 [sect]
680 989 705 1066 3Ι
728 986 892 1068 sequimur
908 982 1019 1048 Sabini
1031 986 1210 1068 opinionem
1222 1005 1248 1048 aa

36 1095 284 1180 consenticnptis,
309 1091 393 1176 quod
416 1111 478 1155 non
503 1089 596 1154 aliter
618 1089 803 1154 credidisses
827 1111 924 1175 quam
947 1091 975 1153 si
998 1090 1060 1153 tibi
1082 1089 1249 1154 manda-aa
1285 1091 1290 1099 '

16 1199 101 1280 >tum
132 1201 251 1283 essetl
317 1195 401 1262 Illud
434 1201 574 1271 constat,
607 1199 634 1260 si
664 1197 735 1281 quis
767 1197 804 1261 de
836 1217 873 1261 ea
903 1217 936 1260 re
964 1196 1108 1271 mandet,
1133 1217 1251 1280 quaest

37 1308 139 1367 contra
169 1303 266 1368 bonos
299 1300 432 1390 moresll
446 1307 511 1377 est,
539 1319 602 1366 non
626 1303 768 1366 contrahi
791 1301 1037 1389 obligationem.
1061 1300 1164 1366 veluti
1188 1305 1220 1367 si'
1263 1300 1328 1368 170

16 1409 117 1491 )[ta]bi
147 1409 315 1492 mandem,
346 1414 384 1473 ut
415 1408 501 1472 Titio
531 1405 665 1494 lurltum
690 1413 747 1472 aut
769 1410 921 1472 iniuriam
944 1408 1057 1486 facias:
1081 1411 1162 1472 item
1186 1410 1237 1472 sia
1267 1392 1349 1479 ¹¹8**)

36 1517 100 1598 quis
131 1517 229 1600 pos[t]
257 1519 394 1580 mortem
415 1515 419 1600 Ι
440 1513 620 1578 faciendum
645 1513 746 1600 [atat]
761 1517 786 1592 α)
806 1514 956 1588 mandet,
982 1513 1097 1578 inutile
1119 1532 1237 1578 man-s

36 1621 141 1684 datum
174 1625 240 1704 est,
271 1623 346 1705 quia
369 1619 560 1708 generaliter
580 1621 585 1704 Ι
606 1619 744 1704 placuit,
770 1620 809 1684 ab
832 1620 956 1684 heredis
979 1639 1111 1703 persona
1133 1619 1236 1684 obli-r

34 1728 193 1812 gationem
215 1729 353 1810 incipere
376 1747 439 1791 non
459 1726 464 1812 Ι
485 1745 586 1809 posse.
1187 1765 1188 1768 =
1223 1750 1235 1790 a

33 1838 53 1907 t
77 1879 486 1898 ........
509 1843 512 1846 “
537 1877 883 1895 .......
932 1835 1211 1911 consummatur⁵)

22 2139 231 2150 ..Ἦ

60 2394 84 2464 l)
104 2393 151 2447 o:
171 2393 214 2446 ita
231 2409 284 2485 erp.
323 2392 445 2447 Litteras
463 2411 502 2446 em
522 2391 601 2446 Stud.
621 2395 702 2447 notat
720 2392 919 2457 incertissimas
937 2407 1005 2446 esse.

59 2506 86 2574 2)
105 2506 140 2559 cf.
163 2509 325 2573 sequentem
343 2507 449 2558 notam.

57 2595 83 2665 3)
102 2599 133 2664 (ῑι
158 2594 208 2665 Eg
227 2594 255 2646 h'
275 2596 324 2665 (z
342 2611 398 2650 non
419 2594 506 2664 magis
525 2594 590 2665 hoc)
611 2611 675 2648 casu
696 2594 850 2664 obligatum
872 2593 950 2663 (sict)
970 2591 1119 2648 consistere
1130 2595 1212 2661 puta-

23 2683 73 2749 rit,
92 2702 180 2752 quam
200 2685 223 2736 si
242 2683 412 2752 generaliter
431 2684 515 2738 alicui
534 2683 644 2738 indetur
657 2686 683 2752 (l
706 2702 769 2753 pro:
792 2683 996 2750 »marcessere
1012 2684 1054 2737 uti
1068 2683 1215 2751 pecuniam

24 2790 95 2827 suam
119 2773 289 2842 foeneraret)
314 2769 344 2827 (l.
367 2774 505 2827 Fraudem
524 2774 617 2844 arguit
636 2773 735 2839 etiam,
756 2773 830 2842 quod
848 2776 894 2827 sed
909 2773 1022 2838 vocula,
1042 2772 1152 2826 adiecta
1170 2792 1214 2826 su-

24 2879 156 2930 pervacua
178 2863 234 2916 ista
252 2863 452 2932 explicatione,
472 2863 554 2933 perii-t
569 2866 637 2920 ante
650 2868 793 2934 sequimur,
811 2863 925 2929 deinde,
942 2863 1057 2918 fortasse
1076 2880 1093 2916 a
1112 2879 1215 2917 correc-

23 2955 76 3007 tore
95 2952 242 3022 archetypi
260 2953 290 3006 in
310 2953 435 3023 margine
457 2953 610 3023 adscripta,
629 2953 825 3023 irrepsit'ante
846 2956 959 3009 Servius.

57 3045 82 3113 *Ι
101 3061 184 3114 apag.
207 3042 323 3098 interior
341 3042 423 3096 facile
442 3042 572 3114 legitur'v'.

56 3133 82 3203 4)
101 3133 235 3187 Huschke
256 3132 429 3201 adprobante
448 3131 596 3186 Goudsmit
615 3132 649 3186 cf.
670 3133 689 3185 l.
710 3133 729 3186 l.
749 3151 776 3202 p.
797 3135 841 3188 63.

57 3221 83 3292 5)
101 3223 226 3277 Verbum
253 3223 498 3276 »consummatur''
523 3222 553 3274 in
575 3221 668 3276 codice
687 3222 792 3293 legitur
813 3223 874 3279 loco
894 3225 972 3279 verbi
986 3227 1214 3295 >contracturam

22 3312 91 3378 quod
115 3325 151 3367 ex
175 3311 275 3365 lustin.
294 3312 370 3381 (post
390 3309 456 3364 »sed
474 3313 548 3365 recte
568 3311 708 3384 quoque”)
728 3314 891 3382 recepimus.
930 3315 1002 3380 Quid
1022 3317 1059 3371 sit
1079 3335 1213 3371 »consum-

21 3401 129 3455 matum”
157 3400 324 3455 mundatum
343 3399 475 3454 discimus
494 3402 553 3454 tam
574 3417 607 3454 ex
628 3405 644 3471 d
665 3403 696 3456 11
719 3402 747 3457 h.
767 3405 789 3458 t.
809 3404 877 3458 lust.
897 3421 981 3473 quam
1001 3423 1035 3460 ex
1054 3407 1135 3460 Pauli
1153 3423 1213 3462 ver-

21 3488 59 3544 bis
83 3491 156 3546 unde
176 3491 246 3545 haec
264 3490 435 3544 Iustinianea
454 3489 602 3560 desumpta
621 3508 680 3546 esse
699 3493 831 3548 videntur
850 3498 879 3565 (t.
899 3495 950 3560 22,
970 3498 986 3564 ἓ
1008 3497 1058 3560 11,
1079 3496 1112 3549 D.
1132 3497 1211 3550 Man-

21 3577 100 3652 datil:
120 3580 219 3636 »Sicut
238 3583 334 3634 autem
352 3580 472 3635 liberum
491 3583 534 3635 est
552 3580 718 3636 mandatum
737 3600 793 3637 non
813 3585 968 3654 suscipere,
988 3585 1031 3640 ita
1050 3590 1210 3654 susceptum

21 3673 189 3725 consummari
206 3671 344 3739 oportet''.
383 3670 442 3724 Hoc
461 3669 548 3740 igitur
566 3671 683 3725 verbum
703 3691 766 3726 cusu
784 3673 925 3742 irrepsisse
945 3692 1000 3728 non
1021 3678 1123 3744 potest.
1153 3676 1210 3730 Ita-

22 3775 70 3826 que
88 3759 237 3816 verisimile
256 3759 326 3813 milri
345 3759 457 3828 quidem
477 3759 601 3832 videtur,
622 3760 741 3815 scribam
760 3761 1047 3833 illum-'negligentem
1060 3763 1125 3818 Ood.
1136 3766 1210 3833 Van,

23 3865 80 3902 cum
108 3849 246 3919 primum,
274 3850 320 3918 (ut
343 3848 452 3917 saepius
470 3848 537 3904 lecit
545 3851 564 3919 ,Ι
583 3851 718 3904 nonnulla
736 3853 983 3921 praetermisisset,
1000 3852 1114 3920 deinde,
1135 3857 1210 3924 quod

20 3935 88 3992 idem
116 3939 226 4009 saepius
255 3938 409 4004 commisit,
438 3953 456 3992 a
484 3956 564 3994 versu
590 3941 620 3994 in
646 3957 701 4010 quo
727 3943 911 4008 subsistebat,
938 3942 967 3995 in
994 3944 1208 4000 antecedentem

21 4031 87 4083 esset
114 4030 259 4100 delapsus,
286 4028 327 4098 (in
356 4043 411 4096 quo
442 4027 526 4083 tuisse
543 4029 672 4086 ¹conicio:
704 4034 796 4086 »recte
821 4049 931 4101 quoque
958 4036 1209 4108 consummatur'',)

22 4117 60 4172 ita
76 4119 296 4190 imprudentem,
315 4117 521 4189 imprudentiae
537 4120 738 4176 somniculosae
753 4121 860 4194 insigne
877 4122 984 4178 dedisse
1000 4124 1209 4184 documentum.
