2964 4596
584 51 706 117 rosnl.
730 69 796 116 xm.
821 50 936 135 xr§l‚

594 319 597 330 .
710 268 815 334 XIIII.

344 419 409 489 QUI
429 419 524 478 DARI
545 418 712 478 Turonas
733 418 986 477 insinuando
1008 417 1184 478 POSSUNT.

217 559 295 624 Dari
318 565 422 625 autem
449 566 553 645 potest
575 566 662 625 tutor
685 581 747 625 non
768 559 873 625 solum
892 566 983 644 pater
1002 558 1161 636 familias,
1181 558 1355 623 sedetiam

174 663 260 730 filius
291 664 440 730 familias.
489 664 551 731 Sed
584 673 615 731 et
643 687 752 732 servus
776 669 922 752 proprius
946 671 1136 731 testamento
1161 683 1235 729 oum
1258 663 1390 728 liber-1
1460 719 1461 754 ,

173 776 240 836 tate
267 775 352 836 reete
385 777 472 836 tutor
502 773 570 836 dari
601 777 715 856 potest.
763 773 818 836 sed
850 773 1015 838 sciendum
1046 776 1094 836 est
1125 791 1200 836 eum
1232 776 1264 834 et
1287 772 1357 834 sine
1460 755 1461 826 l

173 876 322 942 libertate
344 881 484 942 tutorem
508 878 620 942 datum
643 881 739 942 tacite
763 882 795 943 et
817 878 1001 943 libertatem
1025 877 1177 942 directam
1199 878 1358 961 aooepisse

175 982 278 1048 videri
308 988 340 1048 et
368 1005 424 1069 per
454 984 513 1048 hoo
544 987 628 1048 reete
659 988 798 1048 tutorem
829 1005 905 1049 esse.
950 983 1045 1070 plane
1076 985 1104 1046 si
1133 1002 1189 1067 per
1210 1002 1359 1058 errorem

177 1090 268 1172 quasi
290 1088 372 1153 liber
393 1095 481 1154 tutor
503 1090 595 1154 datus
620 1091 679 1172 eit,
705 1088 793 1153 aliud
815 1089 985 1154 dioendum
1008 1094 1066 1154 est.
1115 1108 1224 1152 servus
1248 1091 1358 1151 autem

175 1193 298 1258 alienus
327 1215 406 1278 pure
437 1195 595 1259 inutiliter
624 1195 717 1260 datur
747 1200 937 1262 testamento
967 1202 1055 1260 tutor
1062 1215 1071 1272 ;
1101 1194 1156 1259 sed
1186 1196 1232 1258 ita
1266 1202 1357 1258 ‘eum

175 1299 259 1364 liber
288 1299 358 1364 erit’
388 1300 512 1364 utiliter
542 1302 645 1365 datur.
691 1304 837 1387 proprius
868 1309 977 1367 autem
1005 1321 1114 1367 servus
1135 1299 1295 1364 inutiliter
1317 1319 1359 1364 eo

175 1406 270 1470 modo
301 1406 396 1470 datur
426 1412 523 1471 tutor.
571 1406 722 1470 Furiosus
753 1407 806 1472 rel
829 1410 933 1473 minor
956 1409 1076 1494 viginti
1100 1408 1241 1491 quinque
1264 1407 1395 1469 annisa

175 1515 263 1575 tutor
298 1516 488 1577 testamento
525 1512 617 1597 datus
650 1516 737 1577 tutor
771 1516 848 1591 erit,
886 1534 960 1579 oum
992 1533 1118 1598 compos
1149 1513 1267 1575 mentis
1297 1515 1359 1574 aut

176 1617 279 1681 maior
301 1620 422 1704 viginti
444 1620 583 1703 quinque
605 1621 695 1683 annis
718 1619 816 1684 fuerit
839 1621 952 1700 faetus.

221 1723 272 1788 Ad
303 1729 425 1788 eertum
456 1735 582 1810 tempus
604 1724 658 1790 vel
681 1746 722 1790 ex
744 1730 828 1790 certo
853 1724 1069 1810 temporeve]
1092 1725 1151 1788 sub
1175 1722 1360 1788 condicione
1383 1743 1395 1786 a

174 1827 228 1893 vel
247 1834 319 1894 ante
338 1829 462 1894 heredis
480 1833 716 1896 institutionem
735 1850 825 1915 posse
846 1832 914 1895 dari
935 1835 1075 1894 tutorem
1094 1851 1157 1894 non
1178 1828 1359 1893 dubitatur.

177 1929 288 1999 Certae
320 1940 427 1999 autem
457 1937 505 2000 rei
538 1935 592 2001 vel
622 1957 733 2002 causae
757 1942 844 2001 tutor
866 1937 935 2001 dari
957 1957 1019 2001 non
1041 1941 1163 2021 potest,
1188 1938 1263 2020 quia
1285 1954 1394 2018 per-s

177 2059 287 2118 sonae,
311 2061 373 2105 non
397 2061 509 2106 causae
531 2041 585 2107 vel
608 2045 654 2106 rei
677 2043 781 2106 datur.

223 2144 259 2210 Si
290 2149 361 2231 quis
391 2144 519 2211 filiabus·
547 2150 613 2212 suis
642 2147 696 2212 vel
726 2146 801 2212 filiis
824 2153 945 2213 tutores
964 2149 1102 2225 dederit,
1127 2150 1225 2213 etiam
1247 2151 1395 2232 postu-s

176 2271 248 2316 mae
274 2251 328 2317 vel
358 2257 504 2337 postumo
536 2253 664 2319 videtur
688 2253 827 2331 dedisse,
853 2256 928 2338 quia
952 2253 1012 2318 filii
1035 2253 1089 2319 vel
1112 2252 1193 2318 filtae
1218 2251 1360 2337 appella-

176 2359 262 2422 tione
280 2362 312 2422 et
329 2363 497 2443 postumus
521 2364 554 2424 et
572 2364 720 2444 postuma
737 2361 947 2424 eontinentur.
984 2360 1061 2444 quid
1081 2361 1108 2423 si
1127 2373 1256 2444 nepotes
1271 2359 1359 2432 sint,

176 2483 216 2528 an
248 2463 459 2548 appellatione
491 2463 630 2528 filiorum
663 2471 695 2530 et
717 2467 795 2549 ipsis
820 2470 940 2530 tutores
964 2464 1032 2529 dati
1055 2462 1150 2530 sunt?
1186 2464 1361 2529 dicendum

177 2573 242 2645 est,
267 2574 305 2634 ut
327 2572 405 2654 ipsis
428 2590 552 2654 quoque
576 2571 643 2635 dati
666 2572 851 2648 videantur,
876 2570 1019 2636 simodo
1041 2570 1157 2635 liberos
1181 2570 1271 2634 dixit.
1310 2589 1362 2634 ce-

178 2677 283 2738 terum
306 2677 334 2739 si
355 2673 456 2752 filios,
481 2695 544 2765 non
568 2676 830 2754 oontinebuntur;
855 2676 948 2741 alit-er
971 2678 1056 2740 enim
1080 2674 1163 2752 filii,
1189 2675 1283 2739 aliter
1304 2697 1360 2740 ne·

176 2785 267 2864 potes
290 2779 500 2866 appellantur.
535 2780 629 2866 plane
652 2785 680 2846 si
702 2784 860 2866 postumia
883 2781 1022 2859 dederit,
1046 2787 1115 2846 tam
1138 2779 1199 2845 filii
1217 2783 1362 2866 postumi

178 2905 273 2971 quam
296 2890 392 2952 ceteri
415 2886 510 2951 liberi
534 2887 789 2952 continebuntur.
860 2880 867 2892 '

735 3067 805 3134 XV.

407 3218 457 3275 DE
479 3217 667 3276 Lustrum
687 3217 951 3276 ADGNAI'ORUM
971 3217 1129 3277 rurant.

216 3356 357 3450 Quibus
390 3369 507 3429 autern
541 3368 752 3429 testamento
783 3368 880 3428 tutor
912 3357 1015 3430 datus
1047 3383 1119 3428 non
1145 3358 1212 3450 sit,
1237 3355 1292 3425 his
1320 3381 1365 3426 ex

175 3469 256 3569 lege
290 3470 478 3543 duodecim
512 3470 711 3543 tabularum
746 3471 892 3572 adgnati
919 3483 1001 3543 sunt
1025 3481 1178 3564 tutores,
1204 3470 1264 3568 qui
1290 3494 1364 3539 vo-

176 3595 304 3662 eantur
340 3583 500 3684 legitimi.
554 3585 648 3658 Sunt
684 3598 799 3658 autem
834 3585 979 3683 adgnati
1012 3609 1075 3680 per
1110 3582 1221 3654 virilis
1259 3607 1400 3654 senusr

183 3698 432 3796 cognationem
459 3701 661 3794 coniuncti,
683 3701 784 3798 quasi
806 3725 826 3769 a
848 3709 946 3794 patro
968 3697 1131 3796 cognati,
1150 3695 1258 3766 veluti
1280 3695 1365 3764 fra-

179 3821 235 3883 ter
257 3811 381 3883 eodem
409 3822 507 3908 patre
535 3822 654 3905 natus,
685 3813 804 3883 fratris
829 3811 924 3881 filius
949 3833 1103 3908 neposve
1130 3834 1171 3879 ex
1195 3835 1259 3901 eo,
1280 3809 1364 3878 item

175 3935 321 4021 patruus
348 3937 383 3996 et
406 3925 521 4023 patrui
547 3923 642 3996 filius
666 3951 819 4023 neposve
838 3951 880 3995 ex
900 3949 954 3995 eo.
976 3935 1012 3993 at
1033 3923 1094 4021 qui
1115 3948 1180 4020 per
1201 3920 1363 3993 feminini

177 4027 282 4109 sexais
315 4064 485 4135 personas
520 4039 733 4135 cognatione
759 4039 970 4136 iunguntur,
995 4061 1067 4107 non
1093 4047 1175 4106 sunt
1200 4033 1362 4132 adgnati,
