2934 4608
206 55 250 125 74
595 77 678 126 mse.
702 55 743 121 Π.
767 41 825 121 'm
848 53 997 141 §§3—5.

205 245 308 330 eloqui
331 244 414 309 nihil
431 249 536 330 potest
544 292 553 324 ,
574 264 637 310 non
657 247 713 330 qui
732 246 822 310 tarde
833 245 988 329 loquitur.
1004 281 1045 292 -
1059 264 1151 330 saepe
1163 248 1272 309 autem
1285 246 1386 308 etiem

202 349 340 416 litterati
359 353 392 413 et
411 351 528 415 eruditi
547 351 693 415 homines
713 353 812 416 variis
832 351 957 416 casibus
975 355 1008 416 et
1026 350 1175 415 audiendi
1191 354 1223 414 et
1234 349 1388 432 loquendi

203 455 392 524 facultatem
423 459 595 521 amittunt:
626 457 710 522 unde
737 463 845 523 nostra
868 461 1053 524 constitutio
1077 458 1175 522 etiam
1197 455 1249 520 his
1271 454 1389 519 subve-

201 563 269 636 nit,
294 564 332 624 ut
359 562 452 625 sertis
476 562 600 626 essibus
624 567 656 626 et
679 563 783 627 modis
808 563 982 628 seeundum
1007 561 1243 646 normam:eius
1262 561 1388 644 possint

202 667 314 732 testari
337 665 461 750 aliaque
485 667 586 732 faeere
611 688 691 752 quae
715 670 761 732 eis
783 669 938 754 permissa
961 674 1046 734 sunt.
1093 667 1147 732 sed
1170 668 1198 730 si
1221 668 1292 750 quis
1315 670 1389 750 poss

202 775 434 836 testamentum
464 772 587 837 {aetum
617 772 801 840 valetudine
833 779 889 838 aut
918 773 1061 858 quolibet
1092 771 1154 838 alio
1177 792 1252 838 casu
1273 776 1391 836 mutus

107 891 121 920 ‘
203 880 259 943 aut
294 877 407 940 surdus
441 898 507 942 esse
539 880 695 962 eoeperit,
727 883 836 944 ratum
868 878 969 958 nihilo
1001 880 1109 944 minus
1140 881 1209 943 eius
1243 881 1391 943 remanet

201 985 441 1048 testamentum.
488 979 607 1048 Caseus
642 987 751 1049 autem
785 1004 848 1048 non
882 989 986 1068 potest
1016 985 1118 1050 faeere
1149 988 1409 1048 testamentum

202 1087 266 1154 nisi
288 1107 345 1171 per
368 1086 636 1165 observationem,
661 1109 757 1174 quem
780 1088 833 1154 lex
855 1089 923 1155 divi
946 1087 1185 1176 Iustininetris
1203 1091 1269 1153 mei
1288 1091 1389 1152 intro·

205 1192 306 1258 duxit.
355 1191 450 1270 Eius,
477 1195 532 1278 qui
556 1194 639 1278 apud
662 1195 769 1260 hostes
793 1198 858 1272 est,
884 1199 1112 1260 testamentum
1136 1196 1221 1280 quod
1243 1195 1291 1259 ibi
1309 1195 1413 1260 feeits

203 1319 267 1364 non
296 1297 401 1382 valet,
432 1300 580 1383 quamvis
610 1298 757 1364 redierit:
787 1300 842 1364 sed
866 1301 949 1385 quod
972 1299 1050 1365 dum
1072 1302 1106 1365 in
1130 1302 1261 1366 civitate
1284 1301 1390 1364 fuerat

205 1404 299 1480 feeit,
325 1405 392 1468 sive
414 1404 561 1481 redierit,
587 1403 674 1470 veles
696 1408 765 1472 iure
789 1405 998 1491 postliminii,
1023 1409 1090 1472 sive
1112 1405 1181 1472 illie
1202 1407 1389 1481 decesserit,

201 1509 292 1577 veleb
313 1530 352 1574 ex
375 1508 448 1596 lege
471 1507 626 1593 Cornelia.
