2964 4596
421 77 477 125 cn
501 58 540 122 11.
566 59 602 142 aa
627 57 758 131 1141.
785 57 931 124 65-61.
1223 58 1267 124 aa
1366 45 1369 52 ’

7 245 45 332 10)
124 245 295 332 Sequitur,
323 250 361 310 ut
393 248 638 324 admoneamus,
672 247 756 330 apud
789 250 972 334 peregrinos
995 242 1136 332 quildem
1160 269 1264 314 unum
1287 269 1336 327 aa

78 375 145 418 esse
177 354 358 418 dominium
364 373 372 429 ;
405 373 481 418 nam
513 362 568 417 aut
592 354 741 418 dominus
765 355 898 436 quisque
919 354 924 436 Ι
944 360 1007 429 est,
1036 358 1092 418 aut
1118 353 1302 419 dominuss

74 480 138 522 non
163 458 373 545 intellegitur.
410 458 479 538 Quo
505 462 574 523 iure
602 461 700 523 etiam
730 458 866 542 populus
886 457 1050 523 Romanus
1071 461 1075 542 Ι
1097 459 1175 523 olim
1197 465 1300 525 ute-⁵

74 565 188 648 batur,
215 569 270 628 aut
293 567 379 628 enim
403 585 441 628 ex
462 567 532 628 iure
553 566 724 648 quiritium
743 566 960 648 unusquisque
982 565 1129 628 dominus
1151 566 1155 648 Ι
1177 570 1261 648 erat,
1286 585 1299 630 a

75 676 133 734 aut
157 691 220 736 non
243 670 491 757 intellegebatur
511 671 678 747 dominus;
704 671 759 734 sed
778 678 887 754 postea
908 671 912 752 Ι
934 671 1123 735 divisionem
1143 673 1264 755 aceepit
1287 692 1299 735 1

74 776 277 852 dominium,
309 780 346 839 ut
376 775 458 840 alius
488 779 588 861 possit
625 796 691 840 esse
713 775 717 863 Ι
739 797 777 840 ex
810 779 878 839 iure
902 778 1071 858 quiritium
1096 776 1298 853 dominus,a

6 877 44 964 11)
77 881 164 946 alius
186 883 333 946 inbonis
355 882 480 946 habere.
528 882 612 946 Nam
637 883 665 944 si
691 883 752 945 tibi
776 901 844 945 rem
866 883 870 964 Ι
891 883 1032 965 mancipi
1054 902 1155 965 neque
1175 902 1261 945 man·
1284 902 1298 946 e

74 990 223 1071 cipavero
246 1007 347 1072 neque
370 989 405 1050 in
427 990 496 1052 iure
520 1008 640 1052 cessero
662 989 666 1070 Ι
688 987 742 1050 sed
765 992 892 1050 tantum
917 987 1093 1063 tradidero,
1113 990 1148 1050 in
1169 988 1259 1052 bonis
1273 1007 1298 1052 11

73 1093 207 1176 quidem
231 1095 298 1156 tuis
322 1114 358 1157 ea
381 1113 429 1157 res
450 1094 455 1177 Ι
476 1093 627 1169 efficitur,
653 1114 691 1157 ex
712 1095 781 1156 iure
805 1094 974 1176 quiritium
998 1113 1073 1158 vero
1096 1113 1169 1157 mea
1192 1114 1260 1177 per·
1273 1115 1296 1158 11

71 1199 237 1272 manebit,
277 1199 373 1264 donec
410 1203 447 1263 t'u
481 1220 551 1263 eam
573 1201 577 1282 Ι
599 1199 785 1283 possidendo
821 1201 1005 1282 usucapias3
1040 1198 1140 1262 semel
1175 1201 1259 1262 enim
1273 1218 1297 1262 11

72 1303 212 1387 impleta
233 1303 454 1396 usucapilone.
481 1305 610 1388 perinde
632 1303 725 1388 pleno
747 1307 816 1368 iure
835 1306 949 1388 incipit
964 1307 987 1386 ¹)
1009 1305 1014 1387 Ι
1035 1308 1091 1368 tua
1110 1324 1158 1367 res
1172 1325 1253 1379 esse,
1268 1325 1304 1387 ra,
1317 1324 1342 1369 11

72 1431 112 1474 ac
136 1412 165 1473 si
189 1431 225 1474 ea
246 1413 428 1495 mancipata
450 1410 502 1476 rel
525 1413 560 1473 in
582 1413 652 1473 iure
676 1413 773 1498 cesisa
797 1412 896 1491 [esset]
912 1407 936 1495 ²)
1271 1432 1296 1474 15

6 1513 36 1601 5)
123 1516 150 1590 ³)
163 1515 248 1602 Ergo
272 1536 310 1580 ex
333 1516 402 1598 his,
427 1537 506 1600 quae
532 1516 671 1579 diximus
689 1521 829 1614 opiparet
841 1565 849 1598 ,
863 1513 1018 1599 quaedam
1031 1514 1170 1578 naturali
1185 1513 1384 1590 insecandi)

71 1621 224 1697 alienari,
250 1620 357 1704 qualia
380 1630 454 1686 sunt
474 1623 479 1705 Ι
501 1635 554 1699 ea,
580 1641 660 1704 quae
683 1622 853 1685 traditione
877 1620 1074 1702 alienantur,¹
1098 1620 1252 1704 quaedam
1267 1643 1292 1684 15
1323 1604 1387 1691 8⁵⁴¹)

72 1726 181 1803 civili,
210 1748 285 1790 nam
306 1727 311 1809 Ι
331 1728 576 1810 mancipationis
600 1731 631 1790 et
652 1728 686 1790 in
709 1727 778 1790 iure
801 1727 949 1790 cessionis
968 1730 999 1789 et
1019 1727 1222 1808 usucapionis
1242 1727 1247 1809 Ι
1270 1746 1294 1790 re

71 1835 127 1896 ius
149 1835 313 1916 proprium
336 1837 384 1896 est
408 1834 530 1897 civium
554 1831 781 1896 Romanorum.
1269 1852 1294 1895 11

6 1935 34 2022 1)
120 1937 187 2002 Nec
212 1945 320 2002 tamen
344 1959 380 2002 ea
403 1943 548 2014 tantum,
574 1958 653 2021 quae
678 1937 846 2022 traditione
868 1940 975 2000 nostra
996 1934 1093 2020 fiunt,
1114 1936 1253 2001 naturali
1264 1958 1299 2019 ra,
1313 1955 1338 2001 11

71 2044 167 2109 nobis
196 2047 317 2108 ratione
347 2043 573 2128 adquiruntur,
605 2041 659 2107 sed
692 2045 789 2107 etiam
812 2040 968 2128 tqvelid)
981 2043 1008 2125 ⁴)
1030 2043 1035 2128 Ι
1056 2042 1236 2126 occupando
1243 2062 1252 2121 3
1266 2063 1292 2106 so

70 2149 108 2214 id
129 2155 178 2214 est
197 2173 260 2212 eum
281 2158 448 2235 poteremur
472 2151 574 2226 retus,
603 2171 681 2234 quae
693 2149 719 2234 ⁵)
745 2154 837 2213 antea
861 2148 993 2240 nullilua
1018 2154 1134 2225 essent;
1150 2149 1257 2232 qualia
1267 2169 1291 2212 11
1352 2210 1355 2215 .

5 2253 34 2340 7)
74 2262 153 2320 sunt
181 2259 302 2332 omnia,
335 2276 414 2340 quae
445 2261 545 2333 terra,
579 2257 661 2318 mari
674 2254 712 2340 ⁰),
738 2254 823 2320 caelo
845 2254 850 2339 Ι
871 2257 1052 2340 capiuntur.
1095 2253 1206 2339 Itaque
1229 2256 1256 2318 si
1268 2274 1294 2318 aa

71 2362 177 2426 feram
207 2361 345 2430 bestiam
377 2367 432 2426 aut
461 2360 623 2426 volucrem
647 2366 703 2425 aut
725 2355 892 2446 pisloem†
912 2362 918 2445 Ι
939 2381 1086 2444 eousque
1109 2364 1250 2423 nostrum
1264 2381 1300 2443 aa,
1313 2380 1339 2425 11

108 2641 138 2709 1)
158 2637 198 2709 (id
218 2647 243 2704 1,
263 2637 340 2692 etin
359 2637 439 2693 bonis
459 2639 487 2691 et
506 2654 540 2691 ex
559 2627 601 2706 iq)
622 2636 651 2691 O.

106 2730 135 2799 2)
156 2739 218 2782 esser
233 2728 317 2798 periit
333 2730 398 2797 post
411 2746 490 2781 cessa.
512 2727 647 2781 Additum
656 2728 751 2780 autem
762 2729 805 2780 ast
815 2724 939 2779 scholion
950 2722 987 2776 ad
996 2725 1072 2776 semel
1081 2724 1148 2776 1111111
1158 2724 1264 2792 impleta

67 2821 226 2888 usucapione
240 2818 340 2872 hoeee:
357 2817 520 2871 »mobilium
536 2815 649 2886 quidem
666 2833 758 2869 rerum
778 2831 851 2869 anuo
872 2811 1140 2882 completus-fundi
1157 2827 1221 2866 vero
1239 2821 1268 2866 et

69 2911 176 2963 aedium
205 2907 282 2976 (sici)
305 2905 431 2972 biennio,
457 2909 487 2960 et
509 2909 547 2960 ita
570 2906 632 2976 lege
658 2905 711 2958 XII
736 2905 794 2960 tab.
815 2903 1018 2958 cautumest”.
1039 2901 1074 2956 cf.
1095 2901 1268 2970 14411111

68 3000 101 3052 in
122 2997 239 3052 caeteris
260 2995 323 3050 edd.
342 2999 438 3050 tamen
458 2996 652 3064 subsequitur,
671 2998 705 3048 ut
718 2993 803 3048 Gaius
819 2994 862 3047 bis
876 2993 952 3046 intra
968 3009 1071 3062 pancos
1088 2990 1269 3046 versusidem

68 3089 173 3142 dixisse
197 3087 396 3154 crederemus,)
422 3089 452 3140 et
475 3077 651 3140 vide'latine
677 3086 707 3138 et
732 3100 766 3136 ex
788 3083 856 3152 ipsis
882 3083 935 3136 XII
954 3082 1013 3136 tab.
1032 3085 1100 3136 idem
1120 3081 1266 3137 docentem

69 3178 173 3234 Gaium
193 3178 263 3246 §54
293 3175 419 3244 Denique
437 3175 471 3229 11.
492 3175 548 3228 Cic.
568 3175 636 3243 Top.
657 3191 717 3242 cap.
734 3174 760 3225 4.
781 3174 843 3242 §23
864 3189 912 3242 pro
933 3171 1052 3227 Caecina
1066 3189 1089 3226 o.
1102 3172 1145 3227 19.
1162 3173 1225 3240 §54
1241 3183 1269 3225 111

68 3272 173 3334 videus,
194 3286 242 3340 qao
262 3269 318 3321 iore
337 3268 383 3336 qui
401 3267 464 3319 11111
482 3267 636 3333 adscripsit,
653 3266 784 3317 addiderit
795 3263 933 3317 acediam*
944 3273 1020 3317 unte:
1031 3273 1073 3316 »et
1083 3265 1120 3316 ita
1131 3262 1202 3332 lapd'
1214 3264 1266 3315 etc.

111 3359 140 3429 3)
160 3359 235 3412 Haec
267 3355 405 3410 artissime
434 3354 574 3410 cohaereri
599 3371 662 3408 curn
689 3353 875 3423 superioribus
903 3347 975 3423 W
1002 3369 1083 3406 nemo
1108 3351 1267 3406 admonitus

68 3467 127 3504 non
147 3447 233 3503 videt.
255 3447 289 3502 11.
310 3466 337 3518 p.
358 3447 392 3500 41
430 3448 489 3517 tp.
510 3447 554 3500 53.
731 3441 733 3444 ’

109 3541 302 3612 qaam
448 3525 451 3531 “

108 3631 138 3701 4)
158 3630 187 3685 Si
205 3643 223 3690 a
243 3630 329 3702 (quod
349 3628 472 3684 Schedae
492 3628 603 3682 Bluhm.
623 3629 771 3699 praebent)
790 3627 943 3699 genuinum
963 3628 1020 3692 est,
1039 3627 1120 3695 patet
1135 3625 1266 3678 lacunam

67 3737 138 3775 esse.
177 3721 256 3788 Quod
282 3720 367 3775 etiam
387 3719 449 3774 ideo
470 3719 539 3774 mihi
557 3737 720 3789 persuasum
740 3721 798 3784 est,
818 3717 893 3787 quod
911 3719 976 3786 post
995 3733 1069 3770 »non
1088 3717 1200 3769 tantum
1220 3733 1266 3779 ea,

69 3812 164 3884 quad',
184 3811 389 3876 desideramus,
410 3810 476 3866 »sed
497 3809 584 3865 etiam
604 3810 655 3864 ea”
674 3810 722 3864 vel
742 3808 809 3862 »sed
829 3808 917 3862 etiam
937 3806 1053 3862 omnid'.

108 3902 137 3972 5)
155 3899 252 3955 Lectio
282 3899 432 3955 admodum
457 3900 565 3955 incerta
583 3903 640 3965 est;
661 3915 733 3969 quae
753 3897 879 3953 dedimus
899 3897 1055 3952 sententiae
1075 3893 1265 3959 satisfaciunt,

68 3989 99 4044 ni
118 3991 217 4058 iallor,
237 3993 266 4045 et
284 3989 410 4060 proxime
430 3990 567 4045 accedunt
585 3989 699 4044 incertis
719 3987 833 4043 umbris.

107 4082 138 4153 6)
156 4080 187 4136 0.
207 4080 342 4150 marique.
