<?xml version="1.0" encoding="UTF-8"?>
<!DOCTYPE html PUBLIC "-//W3C//DTD XHTML 1.0 Transitional//EN"
    "http://www.w3.org/TR/xhtml1/DTD/xhtml1-transitional.dtd">
<html xmlns="http://www.w3.org/1999/xhtml" xml:lang="en" lang="en">
 <head>
  <title>
</title>
<meta http-equiv="Content-Type" content="text/html;charset=utf-8" />
  <meta name='ocr-system' content='tesseract 3.04.00' />
  <meta name='ocr-capabilities' content='ocr_page ocr_carea ocr_par ocr_line ocrx_word'/>
</head>
<body>
  <div class='ocr_page' id='page_1' title='image "./syntagmainstitu01studgoog_0135.png"; bbox 0 0 2964 4596; ppageno 0'>
   <div class='ocr_carea' id='block_1_1' title="bbox 191 43 1087 159">
    <p class='ocr_par' dir='ltr' id='par_1_1' title="bbox 191 43 1087 159">
     <span class='ocr_line' id='line_1_1' title="bbox 191 43 1087 159; baseline -0.013 -31"><span class='ocrx_word' id='word_1_1' title='bbox 191 53 256 128; x_wconf 77' lang='lat'><strong>114</strong></span> <span class='ocrx_word' id='word_1_2' title='bbox 450 67 530 159; x_wconf 79' lang='lat' dir='ltr'><strong>rose.</strong></span> <span class='ocrx_word' id='word_1_3' title='bbox 555 68 634 121; x_wconf 76' lang='lat' dir='ltr'><strong>mn</strong></span> <span class='ocrx_word' id='word_1_4' title='bbox 657 47 786 139; x_wconf 68' lang='lat' dir='ltr'><strong>§a-t.</strong></span> <span class='ocrx_word' id='word_1_5' title='bbox 809 67 877 120; x_wconf 77' lang='lat' dir='ltr'><strong>rar</strong></span> <span class='ocrx_word' id='word_1_6' title='bbox 899 43 1087 140; x_wconf 65' lang='lat' dir='ltr'><strong>pati-2.</strong></span> 
     </span>
    </p>
   </div>
   <div class='ocr_carea' id='block_1_2' title="bbox 158 247 1399 1400">
    <p class='ocr_par' dir='ltr' id='par_1_2' title="bbox 191 247 1399 1186">
     <span class='ocr_line' id='line_1_2' title="bbox 191 247 1359 337; baseline -0.011 -19"><span class='ocrx_word' id='word_1_7' title='bbox 191 256 295 331; x_wconf 88' lang='lat' dir='ltr'><strong>ineos,</strong></span> <span class='ocrx_word' id='word_1_8' title='bbox 305 254 360 337; x_wconf 88' lang='lat' dir='ltr'><strong>qui</strong></span> <span class='ocrx_word' id='word_1_9' title='bbox 371 249 588 316; x_wconf 77' lang='lat' dir='ltr'><strong>satisdationes</strong></span> <span class='ocrx_word' id='word_1_10' title='bbox 600 247 768 332; x_wconf 88' lang='lat' dir='ltr'><strong>accipiunt,</strong></span> <span class='ocrx_word' id='word_1_11' title='bbox 780 247 1003 313; x_wconf 76' lang='lat' dir='ltr'><strong>subsidiariam</strong></span> <span class='ocrx_word' id='word_1_12' title='bbox 1015 248 1173 312; x_wconf 87' lang='lat' dir='ltr'><strong>actionem</strong></span> <span class='ocrx_word' id='word_1_13' title='bbox 1185 263 1265 319; x_wconf 68' lang='lat' dir='ltr'><strong>eme,</strong></span> <span class='ocrx_word' id='word_1_14' title='bbox 1278 257 1359 326; x_wconf 86' lang='lat' dir='ltr'><strong>quae</strong></span> 
     </span>
     <span class='ocr_line' id='line_1_3' title="bbox 191 338 1360 441; baseline -0.012 -17"><span class='ocrx_word' id='word_1_15' title='bbox 191 359 346 424; x_wconf 88' lang='lat' dir='ltr'><strong>ultimum</strong></span> <span class='ocrx_word' id='word_1_16' title='bbox 376 359 421 422; x_wconf 87' lang='lat' dir='ltr'><strong>eia</strong></span> <span class='ocrx_word' id='word_1_17' title='bbox 443 338 637 441; x_wconf 82' lang='lat' dir='ltr'><strong>praesidium</strong></span> <span class='ocrx_word' id='word_1_18' title='bbox 659 356 759 439; x_wconf 80' lang='lat' dir='ltr'><strong>possit</strong></span> <span class='ocrx_word' id='word_1_19' title='bbox 781 353 899 419; x_wconf 81' lang='lat' dir='ltr'><strong>afferre.</strong></span> <span class='ocrx_word' id='word_1_20' title='bbox 934 353 1124 419; x_wconf 84' lang='lat' dir='ltr'><strong>subsidiaria</strong></span> <span class='ocrx_word' id='word_1_21' title='bbox 1147 354 1255 416; x_wconf 91' lang='lat' dir='ltr'><strong>autem</strong></span> <span class='ocrx_word' id='word_1_22' title='bbox 1278 349 1360 412; x_wconf 87' lang='lat' dir='ltr'><strong>actio</strong></span> 
     </span>
     <span class='ocr_line' id='line_1_4' title="bbox 193 453 1363 546; baseline -0.012 -16"><span class='ocrx_word' id='word_1_23' title='bbox 193 465 343 531; x_wconf 91' lang='lat' dir='ltr'><strong>daturin</strong></span> <span class='ocrx_word' id='word_1_24' title='bbox 365 483 433 541; x_wconf 90' lang='lat' dir='ltr'><strong>eos,</strong></span> <span class='ocrx_word' id='word_1_25' title='bbox 458 464 514 546; x_wconf 90' lang='lat' dir='ltr'><strong>qui</strong></span> <span class='ocrx_word' id='word_1_26' title='bbox 535 460 589 527; x_wconf 81' lang='lat' dir='ltr'><strong>rel</strong></span> <span class='ocrx_word' id='word_1_27' title='bbox 609 463 738 527; x_wconf 89' lang='lat' dir='ltr'><strong>omnino</strong></span> <span class='ocrx_word' id='word_1_28' title='bbox 761 481 780 526; x_wconf 91' lang='lat' dir='ltr'><strong>a</strong></span> <span class='ocrx_word' id='word_1_29' title='bbox 802 460 961 525; x_wconf 86' lang='lat' dir='ltr'><strong>tutoribus</strong></span> <span class='ocrx_word' id='word_1_30' title='bbox 983 458 1036 526; x_wconf 80' lang='lat' dir='ltr'><strong>rel</strong></span> <span class='ocrx_word' id='word_1_31' title='bbox 1055 455 1254 523; x_wconf 78' lang='lat' dir='ltr'><strong>curatoribus</strong></span> <span class='ocrx_word' id='word_1_32' title='bbox 1272 453 1363 517; x_wconf 86' lang='lat' dir='ltr'><strong>satis-</strong></span> 
     </span>
     <span class='ocr_line' id='line_1_5' title="bbox 193 563 1364 651; baseline -0.012 -15"><span class='ocrx_word' id='word_1_33' title='bbox 193 571 262 636; x_wconf 88' lang='lat' dir='ltr'><strong>dari</strong></span> <span class='ocrx_word' id='word_1_34' title='bbox 289 591 352 637; x_wconf 93' lang='lat' dir='ltr'><strong>non</strong></span> <span class='ocrx_word' id='word_1_35' title='bbox 384 570 563 634; x_wconf 82' lang='lat' dir='ltr'><strong>curaverint</strong></span> <span class='ocrx_word' id='word_1_36' title='bbox 592 572 648 632; x_wconf 88' lang='lat' dir='ltr'><strong>aut</strong></span> <span class='ocrx_word' id='word_1_37' title='bbox 669 587 733 632; x_wconf 92' lang='lat' dir='ltr'><strong>non</strong></span> <span class='ocrx_word' id='word_1_38' title='bbox 754 566 865 632; x_wconf 88' lang='lat' dir='ltr'><strong>idonee</strong></span> <span class='ocrx_word' id='word_1_39' title='bbox 886 569 972 651; x_wconf 86' lang='lat' dir='ltr'><strong>passi</strong></span> <span class='ocrx_word' id='word_1_40' title='bbox 995 569 1098 630; x_wconf 91' lang='lat' dir='ltr'><strong>essent</strong></span> <span class='ocrx_word' id='word_1_41' title='bbox 1120 563 1236 628; x_wconf 80' lang='lat' dir='ltr'><strong>caveri.</strong></span> <span class='ocrx_word' id='word_1_42' title='bbox 1283 579 1364 644; x_wconf 89' lang='lat' dir='ltr'><strong>quae</strong></span> 
     </span>
     <span class='ocr_line' id='line_1_6' title="bbox 191 666 1364 762; baseline -0.012 -19"><span class='ocrx_word' id='word_1_43' title='bbox 191 677 321 762; x_wconf 88' lang='lat' dir='ltr'><strong>quidem</strong></span> <span class='ocrx_word' id='word_1_44' title='bbox 343 681 412 740; x_wconf 89' lang='lat' dir='ltr'><strong>tam</strong></span> <span class='ocrx_word' id='word_1_45' title='bbox 434 695 472 740; x_wconf 82' lang='lat' dir='ltr'><strong>ex</strong></span> <span class='ocrx_word' id='word_1_46' title='bbox 494 673 700 758; x_wconf 89' lang='lat' dir='ltr'><strong>prudentium</strong></span> <span class='ocrx_word' id='word_1_47' title='bbox 722 673 879 758; x_wconf 84' lang='lat' dir='ltr'><strong>responsis</strong></span> <span class='ocrx_word' id='word_1_48' title='bbox 901 693 999 757; x_wconf 86' lang='lat' dir='ltr'><strong>quam</strong></span> <span class='ocrx_word' id='word_1_49' title='bbox 1022 692 1061 736; x_wconf 86' lang='lat' dir='ltr'><strong>ex</strong></span> <span class='ocrx_word' id='word_1_50' title='bbox 1083 666 1364 734; x_wconf 88' lang='lat' dir='ltr'><strong>constitutionibus</strong></span> 
     </span>
     <span class='ocr_line' id='line_1_7' title="bbox 191 775 1399 869; baseline -0.011 -20"><span class='ocrx_word' id='word_1_51' title='bbox 191 781 412 869; x_wconf 57' lang='lat' dir='ltr'><strong>Mperialibus</strong></span> <span class='ocrx_word' id='word_1_52' title='bbox 437 786 470 846; x_wconf 88' lang='lat' dir='ltr'><strong>et</strong></span> <span class='ocrx_word' id='word_1_53' title='bbox 490 783 525 844; x_wconf 91' lang='lat' dir='ltr'><strong>in</strong></span> <span class='ocrx_word' id='word_1_54' title='bbox 546 778 677 844; x_wconf 90' lang='lat' dir='ltr'><strong>heredes</strong></span> <span class='ocrx_word' id='word_1_55' title='bbox 699 799 809 844; x_wconf 87' lang='lat' dir='ltr'><strong>eorum</strong></span> <span class='ocrx_word' id='word_1_56' title='bbox 831 779 1021 844; x_wconf 85' lang='lat' dir='ltr'><strong>extenditur.</strong></span> <span class='ocrx_word' id='word_1_57' title='bbox 1068 775 1190 855; x_wconf 77' lang='lat' dir='ltr'><strong>Quibus</strong></span> <span class='ocrx_word' id='word_1_58' title='bbox 1213 775 1364 838; x_wconf 87' lang='lat' dir='ltr'><strong>constitu·</strong></span> <span class='ocrx_word' id='word_1_59' title='bbox 1386 792 1399 835; x_wconf 82' lang='lat' dir='ltr'><strong>a</strong></span> 
     </span>
     <span class='ocr_line' id='line_1_8' title="bbox 192 879 1365 970; baseline -0.01 -15"><span class='ocrx_word' id='word_1_60' title='bbox 192 890 332 955; x_wconf 87' lang='lat' dir='ltr'><strong>tionibus</strong></span> <span class='ocrx_word' id='word_1_61' title='bbox 355 893 386 954; x_wconf 88' lang='lat' dir='ltr'><strong>et</strong></span> <span class='ocrx_word' id='word_1_62' title='bbox 405 887 487 952; x_wconf 90' lang='lat' dir='ltr'><strong>illud</strong></span> <span class='ocrx_word' id='word_1_63' title='bbox 511 887 714 970; x_wconf 82' lang='lat' dir='ltr'><strong>exprimitur,</strong></span> <span class='ocrx_word' id='word_1_64' title='bbox 738 891 794 968; x_wconf 88' lang='lat' dir='ltr'><strong>ut,</strong></span> <span class='ocrx_word' id='word_1_65' title='bbox 817 886 879 948; x_wconf 89' lang='lat' dir='ltr'><strong>nisi</strong></span> <span class='ocrx_word' id='word_1_66' title='bbox 902 889 1035 949; x_wconf 86' lang='lat' dir='ltr'><strong>caveant</strong></span> <span class='ocrx_word' id='word_1_67' title='bbox 1056 888 1177 947; x_wconf 88' lang='lat' dir='ltr'><strong>tutores</strong></span> <span class='ocrx_word' id='word_1_68' title='bbox 1201 879 1252 948; x_wconf 82' lang='lat' dir='ltr'><strong>vel</strong></span> <span class='ocrx_word' id='word_1_69' title='bbox 1276 899 1365 944; x_wconf 89' lang='lat' dir='ltr'><strong>oura-</strong></span> 
     </span>
     <span class='ocr_line' id='line_1_9' title="bbox 191 986 1397 1082; baseline -0.013 -20"><span class='ocrx_word' id='word_1_70' title='bbox 191 1001 292 1072; x_wconf 89' lang='lat' dir='ltr'><strong>tores,</strong></span> <span class='ocrx_word' id='word_1_71' title='bbox 320 995 506 1082; x_wconf 85' lang='lat' dir='ltr'><strong>pignoribus</strong></span> <span class='ocrx_word' id='word_1_72' title='bbox 535 994 636 1077; x_wconf 87' lang='lat' dir='ltr'><strong>captia</strong></span> <span class='ocrx_word' id='word_1_73' title='bbox 661 999 871 1056; x_wconf 86' lang='lat' dir='ltr'><strong>coerceantur.</strong></span> <span class='ocrx_word' id='word_1_74' title='bbox 918 988 1029 1074; x_wconf 89' lang='lat' dir='ltr'><strong>Neque</strong></span> <span class='ocrx_word' id='word_1_75' title='bbox 1052 993 1160 1053; x_wconf 85' lang='lat' dir='ltr'><strong>autem</strong></span> <span class='ocrx_word' id='word_1_76' title='bbox 1183 986 1397 1072; x_wconf 77' lang='lat' dir='ltr'><strong>praefectust</strong></span> 
     </span>
     <span class='ocr_line' id='line_1_10' title="bbox 193 1090 1366 1186; baseline -0.01 -19"><span class='ocrx_word' id='word_1_77' title='bbox 193 1104 281 1169; x_wconf 89' lang='lat' dir='ltr'><strong>urbis</strong></span> <span class='ocrx_word' id='word_1_78' title='bbox 309 1121 409 1186; x_wconf 88' lang='lat' dir='ltr'><strong>neque</strong></span> <span class='ocrx_word' id='word_1_79' title='bbox 431 1104 555 1186; x_wconf 85' lang='lat' dir='ltr'><strong>praetor</strong></span> <span class='ocrx_word' id='word_1_80' title='bbox 577 1119 677 1182; x_wconf 91' lang='lat' dir='ltr'><strong>neque</strong></span> <span class='ocrx_word' id='word_1_81' title='bbox 700 1118 823 1183; x_wconf 87' lang='lat' dir='ltr'><strong>praeses</strong></span> <span class='ocrx_word' id='word_1_82' title='bbox 845 1099 1025 1182; x_wconf 85' lang='lat' dir='ltr'><strong>provinciae</strong></span> <span class='ocrx_word' id='word_1_83' title='bbox 1046 1116 1148 1181; x_wconf 88' lang='lat' dir='ltr'><strong>neque</strong></span> <span class='ocrx_word' id='word_1_84' title='bbox 1171 1096 1243 1179; x_wconf 89' lang='lat' dir='ltr'><strong>quis</strong></span> <span class='ocrx_word' id='word_1_85' title='bbox 1267 1090 1366 1164; x_wconf 88' lang='lat' dir='ltr'><strong>alius,</strong></span> 
     </span>
    </p>

    <p class='ocr_par' dir='ltr' id='par_1_3' title="bbox 158 1200 1367 1400">
     <span class='ocr_line' id='line_1_11' title="bbox 158 1200 1367 1281; baseline -0.009 -6"><span class='ocrx_word' id='word_1_86' title='bbox 158 1261 160 1264; x_wconf 85' lang='grc'>-</span> <span class='ocrx_word' id='word_1_87' title='bbox 196 1211 249 1275; x_wconf 91' lang='lat' dir='ltr'><strong>cui</strong></span> <span class='ocrx_word' id='word_1_88' title='bbox 271 1213 391 1274; x_wconf 87' lang='lat' dir='ltr'><strong>tutores</strong></span> <span class='ocrx_word' id='word_1_89' title='bbox 414 1206 510 1271; x_wconf 92' lang='lat' dir='ltr'><strong>dandi</strong></span> <span class='ocrx_word' id='word_1_90' title='bbox 528 1207 579 1270; x_wconf 89' lang='lat' dir='ltr'><strong>ius</strong></span> <span class='ocrx_word' id='word_1_91' title='bbox 600 1210 660 1281; x_wconf 88' lang='lat' dir='ltr'><strong>est,</strong></span> <span class='ocrx_word' id='word_1_92' title='bbox 681 1203 740 1268; x_wconf 90' lang='lat' dir='ltr'><strong>hac</strong></span> <span class='ocrx_word' id='word_1_93' title='bbox 761 1205 883 1268; x_wconf 89' lang='lat' dir='ltr'><strong>actione</strong></span> <span class='ocrx_word' id='word_1_94' title='bbox 903 1203 1078 1268; x_wconf 88' lang='lat' dir='ltr'><strong>tenebitur:</strong></span> <span class='ocrx_word' id='word_1_95' title='bbox 1099 1200 1153 1266; x_wconf 90' lang='lat' dir='ltr'><strong>sed</strong></span> <span class='ocrx_word' id='word_1_96' title='bbox 1173 1200 1208 1264; x_wconf 93' lang='lat' dir='ltr'><strong>hi</strong></span> <span class='ocrx_word' id='word_1_97' title='bbox 1224 1205 1367 1264; x_wconf 87' lang='lat' dir='ltr'><strong>tantum-</strong></span> 
     </span>
     <span class='ocr_line' id='line_1_12' title="bbox 195 1308 931 1400; baseline -0.01 -20"><span class='ocrx_word' id='word_1_98' title='bbox 195 1316 307 1400; x_wconf 89' lang='lat' dir='ltr'><strong>modo,</strong></span> <span class='ocrx_word' id='word_1_99' title='bbox 331 1316 385 1400; x_wconf 89' lang='lat' dir='ltr'><strong>qui</strong></span> <span class='ocrx_word' id='word_1_100' title='bbox 409 1311 648 1378; x_wconf 84' lang='lat' dir='ltr'><strong>satisdationem</strong></span> <span class='ocrx_word' id='word_1_101' title='bbox 671 1313 797 1397; x_wconf 83' lang='lat' dir='ltr'><strong>exigere</strong></span> <span class='ocrx_word' id='word_1_102' title='bbox 820 1308 931 1374; x_wconf 87' lang='lat' dir='ltr'><strong>solent.</strong></span> 
     </span>
    </p>
   </div>
   <div class='ocr_carea' id='block_1_3' title="bbox 309 1461 1252 1673">
    <p class='ocr_par' dir='ltr' id='par_1_4' title="bbox 309 1461 1252 1673">
     <span class='ocr_line' id='line_1_13' title="bbox 733 1461 835 1529; baseline 0.01 -2"><span class='ocrx_word' id='word_1_103' title='bbox 733 1461 835 1529; x_wconf 87' lang='lat' dir='ltr'>XXV.</span> 
     </span>
     <span class='ocr_line' id='line_1_14' title="bbox 309 1607 1252 1673; baseline -0.003 -1"><span class='ocrx_word' id='word_1_104' title='bbox 309 1612 360 1672; x_wconf 81' lang='lat' dir='ltr'><strong>DE</strong></span> <span class='ocrx_word' id='word_1_105' title='bbox 380 1612 704 1672; x_wconf 82' lang='lat' dir='ltr'>EXGUSATIONIBUS</span> <span class='ocrx_word' id='word_1_106' title='bbox 725 1612 902 1672; x_wconf 76' lang='lat' dir='ltr'>TUTORUM</span> <span class='ocrx_word' id='word_1_107' title='bbox 922 1612 996 1673; x_wconf 77' lang='lat' dir='ltr'><strong>VEL</strong></span> <span class='ocrx_word' id='word_1_108' title='bbox 1016 1607 1252 1671; x_wconf 79' lang='lat' dir='ltr'><strong>CURATORUM.</strong></span> 
     </span>
    </p>
   </div>
   <div class='ocr_carea' id='block_1_4' title="bbox 166 1756 1478 3964">
    <p class='ocr_par' dir='ltr' id='par_1_5' title="bbox 166 1756 1478 3964">
     <span class='ocr_line' id='line_1_15' title="bbox 242 1756 1368 1823; baseline -0.006 0"><span class='ocrx_word' id='word_1_109' title='bbox 242 1756 441 1823; x_wconf 77' lang='lat' dir='ltr'><strong>Excusantur</strong></span> <span class='ocrx_word' id='word_1_110' title='bbox 475 1760 583 1820; x_wconf 88' lang='lat' dir='ltr'><strong>autem</strong></span> <span class='ocrx_word' id='word_1_111' title='bbox 617 1761 737 1820; x_wconf 85' lang='lat' dir='ltr'><strong>tutores</strong></span> <span class='ocrx_word' id='word_1_112' title='bbox 770 1756 823 1822; x_wconf 81' lang='lat' dir='ltr'><strong>vel</strong></span> <span class='ocrx_word' id='word_1_113' title='bbox 857 1761 1014 1822; x_wconf 86' lang='lat' dir='ltr'><strong>curatores</strong></span> <span class='ocrx_word' id='word_1_114' title='bbox 1048 1759 1146 1822; x_wconf 81' lang='lat' dir='ltr'><strong>variis</strong></span> <span class='ocrx_word' id='word_1_115' title='bbox 1177 1777 1216 1819; x_wconf 83' lang='lat' dir='ltr'><strong>ex</strong></span> <span class='ocrx_word' id='word_1_116' title='bbox 1246 1757 1368 1820; x_wconf 89' lang='lat' dir='ltr'><strong>causis:</strong></span> 
     </span>
     <span class='ocr_line' id='line_1_16' title="bbox 197 1862 1370 1950; baseline -0.005 -20"><span class='ocrx_word' id='word_1_117' title='bbox 197 1866 385 1950; x_wconf 89' lang='lat' dir='ltr'><strong>plerumque</strong></span> <span class='ocrx_word' id='word_1_118' title='bbox 415 1867 522 1927; x_wconf 89' lang='lat' dir='ltr'><strong>autem</strong></span> <span class='ocrx_word' id='word_1_119' title='bbox 554 1867 681 1947; x_wconf 88' lang='lat' dir='ltr'><strong>propter</strong></span> <span class='ocrx_word' id='word_1_120' title='bbox 709 1862 841 1947; x_wconf 89' lang='lat' dir='ltr'><strong>liberos,</strong></span> <span class='ocrx_word' id='word_1_121' title='bbox 873 1865 940 1928; x_wconf 86' lang='lat' dir='ltr'><strong>sive</strong></span> <span class='ocrx_word' id='word_1_122' title='bbox 970 1866 1003 1928; x_wconf 90' lang='lat' dir='ltr'><strong>in</strong></span> <span class='ocrx_word' id='word_1_123' title='bbox 1034 1869 1190 1948; x_wconf 88' lang='lat' dir='ltr'><strong>potestate</strong></span> <span class='ocrx_word' id='word_1_124' title='bbox 1213 1864 1278 1926; x_wconf 90' lang='lat' dir='ltr'><strong>sint</strong></span> <span class='ocrx_word' id='word_1_125' title='bbox 1300 1863 1370 1925; x_wconf 85' lang='lat' dir='ltr'><strong>sive</strong></span> 
     </span>
     <span class='ocr_line' id='line_1_17' title="bbox 198 1965 1369 2055; baseline -0.004 -20"><span class='ocrx_word' id='word_1_126' title='bbox 198 1971 399 2054; x_wconf 88' lang='lat' dir='ltr'><strong>emancipati.</strong></span> <span class='ocrx_word' id='word_1_127' title='bbox 445 1969 473 2031; x_wconf 89' lang='lat' dir='ltr'><strong>si</strong></span> <span class='ocrx_word' id='word_1_128' title='bbox 503 1971 589 2032; x_wconf 92' lang='lat' dir='ltr'><strong>euim</strong></span> <span class='ocrx_word' id='word_1_129' title='bbox 619 1974 682 2032; x_wconf 89' lang='lat' dir='ltr'><strong>tres</strong></span> <span class='ocrx_word' id='word_1_130' title='bbox 708 1966 824 2033; x_wconf 87' lang='lat' dir='ltr'><strong>liberos</strong></span> <span class='ocrx_word' id='word_1_131' title='bbox 854 1972 925 2054; x_wconf 90' lang='lat' dir='ltr'><strong>quis</strong></span> <span class='ocrx_word' id='word_1_132' title='bbox 955 1972 1140 2055; x_wconf 88' lang='lat' dir='ltr'><strong>superstites</strong></span> <span class='ocrx_word' id='word_1_133' title='bbox 1170 1967 1291 2033; x_wconf 87' lang='lat' dir='ltr'><strong>Romae</strong></span> <span class='ocrx_word' id='word_1_134' title='bbox 1313 1965 1369 2030; x_wconf 89' lang='lat' dir='ltr'><strong>ha-</strong></span> 
     </span>
     <span class='ocr_line' id='line_1_18' title="bbox 198 2070 1372 2160; baseline -0.005 -18"><span class='ocrx_word' id='word_1_135' title='bbox 198 2077 271 2142; x_wconf 87' lang='lat' dir='ltr'><strong>beat</strong></span> <span class='ocrx_word' id='word_1_136' title='bbox 302 2074 353 2140; x_wconf 88' lang='lat' dir='ltr'><strong>vel</strong></span> <span class='ocrx_word' id='word_1_137' title='bbox 375 2076 410 2138; x_wconf 92' lang='lat' dir='ltr'><strong>in</strong></span> <span class='ocrx_word' id='word_1_138' title='bbox 431 2073 526 2138; x_wconf 88' lang='lat' dir='ltr'><strong>ltalia</strong></span> <span class='ocrx_word' id='word_1_139' title='bbox 549 2080 698 2158; x_wconf 90' lang='lat' dir='ltr'><strong>quattuor</strong></span> <span class='ocrx_word' id='word_1_140' title='bbox 720 2074 773 2139; x_wconf 84' lang='lat' dir='ltr'><strong>vel</strong></span> <span class='ocrx_word' id='word_1_141' title='bbox 795 2077 830 2138; x_wconf 90' lang='lat' dir='ltr'><strong>in</strong></span> <span class='ocrx_word' id='word_1_142' title='bbox 852 2077 1023 2160; x_wconf 84' lang='lat' dir='ltr'><strong>provinciis</strong></span> <span class='ocrx_word' id='word_1_143' title='bbox 1046 2079 1200 2160; x_wconf 88' lang='lat' dir='ltr'><strong>quinque,</strong></span> <span class='ocrx_word' id='word_1_144' title='bbox 1227 2095 1245 2138; x_wconf 88' lang='lat' dir='ltr'><strong>a</strong></span> <span class='ocrx_word' id='word_1_145' title='bbox 1268 2070 1372 2137; x_wconf 88' lang='lat' dir='ltr'><strong>tutela</strong></span> 
     </span>
     <span class='ocr_line' id='line_1_19' title="bbox 197 2179 1371 2266; baseline -0.006 -18"><span class='ocrx_word' id='word_1_146' title='bbox 197 2180 252 2248; x_wconf 84' lang='lat' dir='ltr'><strong>vel</strong></span> <span class='ocrx_word' id='word_1_147' title='bbox 280 2201 355 2246; x_wconf 87' lang='lat' dir='ltr'><strong>cura</strong></span> <span class='ocrx_word' id='word_1_148' title='bbox 383 2184 513 2264; x_wconf 88' lang='lat' dir='ltr'><strong>possunt</strong></span> <span class='ocrx_word' id='word_1_149' title='bbox 543 2183 685 2245; x_wconf 86' lang='lat' dir='ltr'><strong>excusari</strong></span> <span class='ocrx_word' id='word_1_150' title='bbox 716 2179 861 2266; x_wconf 88' lang='lat' dir='ltr'><strong>exemplo</strong></span> <span class='ocrx_word' id='word_1_151' title='bbox 884 2187 1061 2256; x_wconf 78' lang='lat' dir='ltr'><strong>ceterorum</strong></span> <span class='ocrx_word' id='word_1_152' title='bbox 1083 2198 1270 2247; x_wconf 90' lang='lat' dir='ltr'><strong>munerum:</strong></span> <span class='ocrx_word' id='word_1_153' title='bbox 1295 2198 1371 2242; x_wconf 92' lang='lat' dir='ltr'><strong>nam</strong></span> 
     </span>
     <span class='ocr_line' id='line_1_20' title="bbox 199 2284 1373 2373; baseline -0.003 -19"><span class='ocrx_word' id='word_1_154' title='bbox 199 2293 232 2354; x_wconf 87' lang='lat' dir='ltr'><strong>et</strong></span> <span class='ocrx_word' id='word_1_155' title='bbox 257 2285 394 2353; x_wconf 90' lang='lat' dir='ltr'><strong>tutelam</strong></span> <span class='ocrx_word' id='word_1_156' title='bbox 417 2291 449 2352; x_wconf 93' lang='lat' dir='ltr'><strong>et</strong></span> <span class='ocrx_word' id='word_1_157' title='bbox 472 2307 581 2351; x_wconf 89' lang='lat' dir='ltr'><strong>curam</strong></span> <span class='ocrx_word' id='word_1_158' title='bbox 603 2286 724 2373; x_wconf 86' lang='lat' dir='ltr'><strong>placuit</strong></span> <span class='ocrx_word' id='word_1_159' title='bbox 746 2287 913 2373; x_wconf 91' lang='lat' dir='ltr'><strong>publicum</strong></span> <span class='ocrx_word' id='word_1_160' title='bbox 935 2309 1054 2353; x_wconf 90' lang='lat' dir='ltr'><strong>munus</strong></span> <span class='ocrx_word' id='word_1_161' title='bbox 1076 2309 1152 2353; x_wconf 88' lang='lat' dir='ltr'><strong>esse.</strong></span> <span class='ocrx_word' id='word_1_162' title='bbox 1199 2286 1254 2352; x_wconf 89' lang='lat' dir='ltr'><strong>sed</strong></span> <span class='ocrx_word' id='word_1_163' title='bbox 1278 2284 1373 2369; x_wconf 89' lang='lat' dir='ltr'><strong>adop·</strong></span> 
     </span>
     <span class='ocr_line' id='line_1_21' title="bbox 197 2389 1373 2480; baseline -0.004 -19"><span class='ocrx_word' id='word_1_164' title='bbox 197 2397 259 2461; x_wconf 83' lang='lat' dir='ltr'><strong>tivi</strong></span> <span class='ocrx_word' id='word_1_165' title='bbox 292 2392 386 2458; x_wconf 90' lang='lat' dir='ltr'><strong>liberi</strong></span> <span class='ocrx_word' id='word_1_166' title='bbox 419 2412 481 2457; x_wconf 91' lang='lat' dir='ltr'><strong>non</strong></span> <span class='ocrx_word' id='word_1_167' title='bbox 511 2400 662 2479; x_wconf 86' lang='lat' dir='ltr'><strong>prosunt,</strong></span> <span class='ocrx_word' id='word_1_168' title='bbox 696 2396 732 2459; x_wconf 92' lang='lat' dir='ltr'><strong>in</strong></span> <span class='ocrx_word' id='word_1_169' title='bbox 766 2394 967 2480; x_wconf 90' lang='lat' dir='ltr'><strong>adoptionem</strong></span> <span class='ocrx_word' id='word_1_170' title='bbox 998 2400 1107 2460; x_wconf 87' lang='lat' dir='ltr'><strong>autem</strong></span> <span class='ocrx_word' id='word_1_171' title='bbox 1138 2394 1205 2458; x_wconf 88' lang='lat' dir='ltr'><strong>dati</strong></span> <span class='ocrx_word' id='word_1_172' title='bbox 1232 2389 1373 2457; x_wconf 87' lang='lat' dir='ltr'><strong>naturali</strong></span> 
     </span>
     <span class='ocr_line' id='line_1_22' title="bbox 198 2499 1372 2586; baseline -0.004 -21"><span class='ocrx_word' id='word_1_173' title='bbox 198 2502 282 2586; x_wconf 89' lang='lat' dir='ltr'><strong>patri</strong></span> <span class='ocrx_word' id='word_1_174' title='bbox 305 2504 446 2585; x_wconf 87' lang='lat' dir='ltr'><strong>prosunt.</strong></span> <span class='ocrx_word' id='word_1_175' title='bbox 481 2501 560 2565; x_wconf 90' lang='lat' dir='ltr'><strong>item</strong></span> <span class='ocrx_word' id='word_1_176' title='bbox 583 2505 711 2586; x_wconf 90' lang='lat' dir='ltr'><strong>nepotes</strong></span> <span class='ocrx_word' id='word_1_177' title='bbox 734 2521 773 2565; x_wconf 86' lang='lat' dir='ltr'><strong>ex</strong></span> <span class='ocrx_word' id='word_1_178' title='bbox 792 2499 858 2566; x_wconf 88' lang='lat' dir='ltr'><strong>filio</strong></span> <span class='ocrx_word' id='word_1_179' title='bbox 874 2506 1023 2586; x_wconf 90' lang='lat' dir='ltr'><strong>prosunt,</strong></span> <span class='ocrx_word' id='word_1_180' title='bbox 1045 2506 1083 2566; x_wconf 92' lang='lat' dir='ltr'><strong>ut</strong></span> <span class='ocrx_word' id='word_1_181' title='bbox 1099 2504 1134 2564; x_wconf 91' lang='lat' dir='ltr'><strong>iu</strong></span> <span class='ocrx_word' id='word_1_182' title='bbox 1152 2500 1259 2565; x_wconf 90' lang='lat' dir='ltr'><strong>locum</strong></span> <span class='ocrx_word' id='word_1_183' title='bbox 1272 2499 1372 2582; x_wconf 90' lang='lat' dir='ltr'><strong>patris</strong></span> 
     </span>
     <span class='ocr_line' id='line_1_23' title="bbox 199 2603 1373 2692; baseline -0.003 -20"><span class='ocrx_word' id='word_1_184' title='bbox 199 2605 383 2672; x_wconf 88' lang='lat' dir='ltr'><strong>succedant:</strong></span> <span class='ocrx_word' id='word_1_185' title='bbox 413 2625 453 2669; x_wconf 87' lang='lat' dir='ltr'><strong>ex</strong></span> <span class='ocrx_word' id='word_1_186' title='bbox 474 2603 541 2671; x_wconf 84' lang='lat' dir='ltr'><strong>lilia</strong></span> <span class='ocrx_word' id='word_1_187' title='bbox 563 2626 625 2671; x_wconf 91' lang='lat' dir='ltr'><strong>non</strong></span> <span class='ocrx_word' id='word_1_188' title='bbox 646 2612 788 2691; x_wconf 90' lang='lat' dir='ltr'><strong>prosunt.</strong></span> <span class='ocrx_word' id='word_1_189' title='bbox 823 2605 883 2673; x_wconf 85' lang='lat' dir='ltr'><strong>filii</strong></span> <span class='ocrx_word' id='word_1_190' title='bbox 906 2612 1015 2673; x_wconf 90' lang='lat' dir='ltr'><strong>autem</strong></span> <span class='ocrx_word' id='word_1_191' title='bbox 1037 2608 1222 2692; x_wconf 82' lang='lat' dir='ltr'><strong>superstites</strong></span> <span class='ocrx_word' id='word_1_192' title='bbox 1244 2609 1373 2670; x_wconf 88' lang='lat' dir='ltr'><strong>tantum</strong></span> 
     </span>
     <span class='ocr_line' id='line_1_24' title="bbox 198 2710 1373 2798; baseline -0.005 -20"><span class='ocrx_word' id='word_1_193' title='bbox 198 2713 240 2778; x_wconf 87' lang='lat' dir='ltr'><strong>ad</strong></span> <span class='ocrx_word' id='word_1_194' title='bbox 264 2710 385 2776; x_wconf 89' lang='lat' dir='ltr'><strong>tutelae</strong></span> <span class='ocrx_word' id='word_1_195' title='bbox 412 2710 467 2775; x_wconf 85' lang='lat' dir='ltr'><strong>vel</strong></span> <span class='ocrx_word' id='word_1_196' title='bbox 497 2732 589 2777; x_wconf 90' lang='lat' dir='ltr'><strong>curae</strong></span> <span class='ocrx_word' id='word_1_197' title='bbox 619 2714 761 2776; x_wconf 89' lang='lat' dir='ltr'><strong>muneris</strong></span> <span class='ocrx_word' id='word_1_198' title='bbox 792 2715 1027 2778; x_wconf 86' lang='lat' dir='ltr'><strong>excusationem</strong></span> <span class='ocrx_word' id='word_1_199' title='bbox 1058 2717 1206 2798; x_wconf 87' lang='lat' dir='ltr'><strong>prosunt:</strong></span> <span class='ocrx_word' id='word_1_200' title='bbox 1231 2710 1373 2776; x_wconf 71' lang='lat' dir='ltr'><strong>demacti</strong></span> 
     </span>
     <span class='ocr_line' id='line_1_25' title="bbox 199 2816 1376 2903; baseline -0.003 -21"><span class='ocrx_word' id='word_1_201' title='bbox 199 2838 263 2883; x_wconf 90' lang='lat' dir='ltr'><strong>non</strong></span> <span class='ocrx_word' id='word_1_202' title='bbox 292 2821 432 2902; x_wconf 90' lang='lat' dir='ltr'><strong>prosunt.</strong></span> <span class='ocrx_word' id='word_1_203' title='bbox 479 2816 533 2881; x_wconf 88' lang='lat' dir='ltr'><strong>sed</strong></span> <span class='ocrx_word' id='word_1_204' title='bbox 562 2819 590 2881; x_wconf 90' lang='lat' dir='ltr'><strong>si</strong></span> <span class='ocrx_word' id='word_1_205' title='bbox 621 2819 655 2881; x_wconf 91' lang='lat' dir='ltr'><strong>in</strong></span> <span class='ocrx_word' id='word_1_206' title='bbox 684 2816 769 2883; x_wconf 90' lang='lat' dir='ltr'><strong>bello</strong></span> <span class='ocrx_word' id='word_1_207' title='bbox 791 2821 903 2884; x_wconf 89' lang='lat' dir='ltr'><strong>amissi</strong></span> <span class='ocrx_word' id='word_1_208' title='bbox 925 2824 1016 2896; x_wconf 90' lang='lat' dir='ltr'><strong>sunt,</strong></span> <span class='ocrx_word' id='word_1_209' title='bbox 1041 2820 1222 2903; x_wconf 88' lang='lat' dir='ltr'><strong>quaesitum</strong></span> <span class='ocrx_word' id='word_1_210' title='bbox 1243 2821 1310 2894; x_wconf 86' lang='lat' dir='ltr'><strong>est,</strong></span> <span class='ocrx_word' id='word_1_211' title='bbox 1333 2835 1376 2878; x_wconf 89' lang='lat' dir='ltr'><strong>an</strong></span> 
     </span>
     <span class='ocr_line' id='line_1_26' title="bbox 200 2922 1374 3011; baseline -0.003 -23"><span class='ocrx_word' id='word_1_212' title='bbox 200 2923 331 3007; x_wconf 89' lang='lat' dir='ltr'><strong>prosint.</strong></span> <span class='ocrx_word' id='word_1_213' title='bbox 378 2925 411 2986; x_wconf 90' lang='lat' dir='ltr'><strong>et</strong></span> <span class='ocrx_word' id='word_1_214' title='bbox 433 2927 555 2987; x_wconf 87' lang='lat' dir='ltr'><strong>constat</strong></span> <span class='ocrx_word' id='word_1_215' title='bbox 578 2943 630 2988; x_wconf 89' lang='lat' dir='ltr'><strong>eos</strong></span> <span class='ocrx_word' id='word_1_216' title='bbox 652 2922 733 2989; x_wconf 90' lang='lat' dir='ltr'><strong>solos</strong></span> <span class='ocrx_word' id='word_1_217' title='bbox 755 2924 918 3010; x_wconf 85' lang='lat' dir='ltr'><strong>prodesse,</strong></span> <span class='ocrx_word' id='word_1_218' title='bbox 942 2926 998 3011; x_wconf 91' lang='lat' dir='ltr'><strong>qui</strong></span> <span class='ocrx_word' id='word_1_219' title='bbox 1020 2928 1054 2990; x_wconf 87' lang='lat' dir='ltr'><strong>in</strong></span> <span class='ocrx_word' id='word_1_220' title='bbox 1078 2927 1144 2990; x_wconf 88' lang='lat' dir='ltr'><strong>acie</strong></span> <span class='ocrx_word' id='word_1_221' title='bbox 1162 2926 1374 2990; x_wconf 89' lang='lat' dir='ltr'><strong>amittuntur:</strong></span> 
     </span>
     <span class='ocr_line' id='line_1_27' title="bbox 200 3029 1375 3117; baseline -0.002 -24"><span class='ocrx_word' id='word_1_222' title='bbox 200 3030 237 3093; x_wconf 92' lang='lat' dir='ltr'><strong>hi</strong></span> <span class='ocrx_word' id='word_1_223' title='bbox 267 3030 371 3106; x_wconf 90' lang='lat' dir='ltr'><strong>enim,</strong></span> <span class='ocrx_word' id='word_1_224' title='bbox 405 3029 479 3112; x_wconf 90' lang='lat' dir='ltr'><strong>quia</strong></span> <span class='ocrx_word' id='word_1_225' title='bbox 507 3049 563 3113; x_wconf 92' lang='lat' dir='ltr'><strong>pro</strong></span> <span class='ocrx_word' id='word_1_226' title='bbox 594 3051 628 3095; x_wconf 88' lang='lat' dir='ltr'><strong>re</strong></span> <span class='ocrx_word' id='word_1_227' title='bbox 657 3029 787 3115; x_wconf 89' lang='lat' dir='ltr'><strong>publica</strong></span> <span class='ocrx_word' id='word_1_228' title='bbox 817 3031 1014 3109; x_wconf 90' lang='lat' dir='ltr'><strong>oeciderunt,</strong></span> <span class='ocrx_word' id='word_1_229' title='bbox 1045 3033 1079 3096; x_wconf 91' lang='lat' dir='ltr'><strong>in</strong></span> <span class='ocrx_word' id='word_1_230' title='bbox 1105 3034 1296 3117; x_wconf 90' lang='lat' dir='ltr'><strong>perpetuum</strong></span> <span class='ocrx_word' id='word_1_231' title='bbox 1318 3048 1375 3113; x_wconf 91' lang='lat' dir='ltr'><strong>per</strong></span> 
     </span>
     <span class='ocr_line' id='line_1_28' title="bbox 202 3134 1406 3231; baseline -0.003 -31"><span class='ocrx_word' id='word_1_232' title='bbox 202 3135 340 3223; x_wconf 81' lang='lat' dir='ltr'><strong>gloriam</strong></span> <span class='ocrx_word' id='word_1_233' title='bbox 368 3135 476 3201; x_wconf 77' lang='lat' dir='ltr'><strong>vivere</strong></span> <span class='ocrx_word' id='word_1_234' title='bbox 504 3134 744 3231; x_wconf 79' lang='lat' dir='ltr'><strong>intelleguntur.</strong></span> <span class='ocrx_word' id='word_1_235' title='bbox 782 3135 865 3202; x_wconf 90' lang='lat' dir='ltr'><strong>Item</strong></span> <span class='ocrx_word' id='word_1_236' title='bbox 889 3137 983 3204; x_wconf 79' lang='lat' dir='ltr'><strong>dirus</strong></span> <span class='ocrx_word' id='word_1_237' title='bbox 1005 3136 1135 3203; x_wconf 88' lang='lat' dir='ltr'><strong>Marcus</strong></span> <span class='ocrx_word' id='word_1_238' title='bbox 1157 3139 1191 3200; x_wconf 92' lang='lat' dir='ltr'><strong>in</strong></span> <span class='ocrx_word' id='word_1_239' title='bbox 1214 3135 1406 3200; x_wconf 78' lang='lat' dir='ltr'><strong>semestri-a</strong></span> 
     </span>
     <span class='ocr_line' id='line_1_29' title="bbox 187 3237 1375 3327; baseline -0.002 -21"><span class='ocrx_word' id='word_1_240' title='bbox 187 3242 262 3327; x_wconf 73' lang='lat' dir='ltr'><strong>=bus</strong></span> <span class='ocrx_word' id='word_1_241' title='bbox 286 3237 446 3326; x_wconf 79' lang='lat' dir='ltr'><strong>scripsit1)</strong></span> <span class='ocrx_word' id='word_1_242' title='bbox 471 3261 561 3320; x_wconf 91' lang='lat' dir='ltr'><strong>eum,</strong></span> <span class='ocrx_word' id='word_1_243' title='bbox 587 3244 642 3327; x_wconf 92' lang='lat' dir='ltr'><strong>qui</strong></span> <span class='ocrx_word' id='word_1_244' title='bbox 664 3263 713 3308; x_wconf 91' lang='lat' dir='ltr'><strong>res</strong></span> <span class='ocrx_word' id='word_1_245' title='bbox 736 3241 804 3308; x_wconf 88' lang='lat' dir='ltr'><strong>fisci</strong></span> <span class='ocrx_word' id='word_1_246' title='bbox 826 3244 1041 3322; x_wconf 75' lang='lat' dir='ltr'><strong>administrat,</strong></span> <span class='ocrx_word' id='word_1_247' title='bbox 1066 3265 1085 3309; x_wconf 91' lang='lat' dir='ltr'><strong>a</strong></span> <span class='ocrx_word' id='word_1_248' title='bbox 1107 3241 1208 3309; x_wconf 90' lang='lat' dir='ltr'><strong>tutela</strong></span> <span class='ocrx_word' id='word_1_249' title='bbox 1225 3241 1279 3308; x_wconf 82' lang='lat' dir='ltr'><strong>vel</strong></span> <span class='ocrx_word' id='word_1_250' title='bbox 1299 3259 1375 3306; x_wconf 89' lang='lat' dir='ltr'><strong>cura</strong></span> 
     </span>
     <span class='ocr_line' id='line_1_30' title="bbox 202 3341 1478 3434; baseline -0.003 -22"><span class='ocrx_word' id='word_1_251' title='bbox 202 3346 357 3432; x_wconf 89' lang='lat' dir='ltr'><strong>quamdiu</strong></span> <span class='ocrx_word' id='word_1_252' title='bbox 389 3346 590 3412; x_wconf 87' lang='lat' dir='ltr'><strong>administrat</strong></span> <span class='ocrx_word' id='word_1_253' title='bbox 622 3352 765 3414; x_wconf 82' lang='lat' dir='ltr'><strong>excusari</strong></span> <span class='ocrx_word' id='word_1_254' title='bbox 798 3353 898 3434; x_wconf 82' lang='lat' dir='ltr'><strong>passe.</strong></span> <span class='ocrx_word' id='word_1_255' title='bbox 944 3347 1027 3415; x_wconf 90' lang='lat' dir='ltr'><strong>Item</strong></span> <span class='ocrx_word' id='word_1_256' title='bbox 1056 3352 1112 3434; x_wconf 92' lang='lat' dir='ltr'><strong>qui</strong></span> <span class='ocrx_word' id='word_1_257' title='bbox 1141 3351 1188 3414; x_wconf 90' lang='lat' dir='ltr'><strong>rei</strong></span> <span class='ocrx_word' id='word_1_258' title='bbox 1221 3346 1406 3433; x_wconf 84' lang='lat' dir='ltr'><strong>publicaea</strong></span> <span class='ocrx_word' id='word_1_259' title='bbox 1477 3341 1478 3344; x_wconf 63' lang='grc'>’</span> 
     </span>
     <span class='ocr_line' id='line_1_31' title="bbox 202 3452 1376 3530; baseline -0.003 -12"><span class='ocrx_word' id='word_1_260' title='bbox 202 3472 295 3518; x_wconf 89' lang='lat' dir='ltr'><strong>causa</strong></span> <span class='ocrx_word' id='word_1_261' title='bbox 326 3452 452 3530; x_wconf 89' lang='lat' dir='ltr'><strong>absunt,</strong></span> <span class='ocrx_word' id='word_1_262' title='bbox 485 3473 503 3517; x_wconf 92' lang='lat' dir='ltr'><strong>a</strong></span> <span class='ocrx_word' id='word_1_263' title='bbox 533 3453 635 3518; x_wconf 89' lang='lat' dir='ltr'><strong>tutela</strong></span> <span class='ocrx_word' id='word_1_264' title='bbox 662 3460 694 3520; x_wconf 90' lang='lat' dir='ltr'><strong>et</strong></span> <span class='ocrx_word' id='word_1_265' title='bbox 717 3475 792 3520; x_wconf 90' lang='lat' dir='ltr'><strong>cura</strong></span> <span class='ocrx_word' id='word_1_266' title='bbox 815 3460 1014 3521; x_wconf 82' lang='lat' dir='ltr'><strong>excusantur.</strong></span> <span class='ocrx_word' id='word_1_267' title='bbox 1061 3454 1116 3521; x_wconf 90' lang='lat' dir='ltr'><strong>aed</strong></span> <span class='ocrx_word' id='word_1_268' title='bbox 1139 3455 1221 3519; x_wconf 89' lang='lat' dir='ltr'><strong>etsi</strong></span> <span class='ocrx_word' id='word_1_269' title='bbox 1244 3453 1376 3519; x_wconf 88' lang='lat' dir='ltr'><strong>fuerunt</strong></span> 
     </span>
     <span class='ocr_line' id='line_1_32' title="bbox 202 3557 1375 3646; baseline -0.002 -22"><span class='ocrx_word' id='word_1_270' title='bbox 202 3563 323 3624; x_wconf 85' lang='lat' dir='ltr'><strong>tutores</strong></span> <span class='ocrx_word' id='word_1_271' title='bbox 341 3557 394 3624; x_wconf 85' lang='lat' dir='ltr'><strong>vel</strong></span> <span class='ocrx_word' id='word_1_272' title='bbox 413 3565 583 3637; x_wconf 89' lang='lat' dir='ltr'><strong>curatores,</strong></span> <span class='ocrx_word' id='word_1_273' title='bbox 606 3560 717 3626; x_wconf 90' lang='lat' dir='ltr'><strong>deinde</strong></span> <span class='ocrx_word' id='word_1_274' title='bbox 735 3560 945 3646; x_wconf 88' lang='lat' dir='ltr'><strong>reipublicae</strong></span> <span class='ocrx_word' id='word_1_275' title='bbox 964 3582 1057 3627; x_wconf 89' lang='lat' dir='ltr'><strong>causa</strong></span> <span class='ocrx_word' id='word_1_276' title='bbox 1068 3562 1175 3627; x_wconf 86' lang='lat' dir='ltr'><strong>abesse</strong></span> <span class='ocrx_word' id='word_1_277' title='bbox 1187 3563 1375 3646; x_wconf 69' lang='lat' dir='ltr'><strong>coeperim,</strong></span> 
     </span>
     <span class='ocr_line' id='line_1_33' title="bbox 203 3663 1375 3754; baseline -0.001 -25"><span class='ocrx_word' id='word_1_278' title='bbox 203 3686 222 3730; x_wconf 90' lang='lat' dir='ltr'><strong>a</strong></span> <span class='ocrx_word' id='word_1_279' title='bbox 252 3663 352 3729; x_wconf 92' lang='lat' dir='ltr'><strong>tutela</strong></span> <span class='ocrx_word' id='word_1_280' title='bbox 380 3671 412 3730; x_wconf 89' lang='lat' dir='ltr'><strong>et</strong></span> <span class='ocrx_word' id='word_1_281' title='bbox 442 3687 518 3731; x_wconf 88' lang='lat' dir='ltr'><strong>cura</strong></span> <span class='ocrx_word' id='word_1_282' title='bbox 547 3671 752 3751; x_wconf 84' lang='lat' dir='ltr'><strong>excusantur,</strong></span> <span class='ocrx_word' id='word_1_283' title='bbox 784 3671 938 3752; x_wconf 87' lang='lat' dir='ltr'><strong>quatenus</strong></span> <span class='ocrx_word' id='word_1_284' title='bbox 967 3667 1181 3754; x_wconf 88' lang='lat' dir='ltr'><strong>reipublicae</strong></span> <span class='ocrx_word' id='word_1_285' title='bbox 1205 3663 1375 3731; x_wconf 80' lang='lat' dir='ltr'><strong>causaab</strong></span> 
     </span>
     <span class='ocr_line' id='line_1_34' title="bbox 205 3767 1374 3859; baseline -0.001 -24"><span class='ocrx_word' id='word_1_286' title='bbox 205 3777 295 3854; x_wconf 88' lang='lat' dir='ltr'><strong>sunt,</strong></span> <span class='ocrx_word' id='word_1_287' title='bbox 319 3775 352 3835; x_wconf 90' lang='lat' dir='ltr'><strong>et</strong></span> <span class='ocrx_word' id='word_1_288' title='bbox 374 3767 494 3836; x_wconf 88' lang='lat' dir='ltr'><strong>interea</strong></span> <span class='ocrx_word' id='word_1_289' title='bbox 516 3777 640 3838; x_wconf 90' lang='lat' dir='ltr'><strong>curator</strong></span> <span class='ocrx_word' id='word_1_290' title='bbox 661 3772 730 3838; x_wconf 91' lang='lat' dir='ltr'><strong>loco</strong></span> <span class='ocrx_word' id='word_1_291' title='bbox 744 3774 968 3839; x_wconf 88' lang='lat' dir='ltr'><strong>eorumdatur.</strong></span> <span class='ocrx_word' id='word_1_292' title='bbox 1003 3776 1059 3859; x_wconf 88' lang='lat' dir='ltr'><strong>qui</strong></span> <span class='ocrx_word' id='word_1_293' title='bbox 1070 3777 1098 3839; x_wconf 92' lang='lat' dir='ltr'><strong>si</strong></span> <span class='ocrx_word' id='word_1_294' title='bbox 1109 3776 1227 3840; x_wconf 90' lang='lat' dir='ltr'><strong>reversi</strong></span> <span class='ocrx_word' id='word_1_295' title='bbox 1238 3773 1358 3837; x_wconf 90' lang='lat' dir='ltr'><strong>fuerint</strong></span> <span class='ocrx_word' id='word_1_296' title='bbox 1364 3816 1374 3847; x_wconf 91' lang='lat'><strong>,</strong></span> 
     </span>
     <span class='ocr_line' id='line_1_35' title="bbox 166 3877 1375 3964; baseline -0.002 -22"><span class='ocrx_word' id='word_1_297' title='bbox 166 3903 169 3911; x_wconf 91' lang='grc'><em>·</em></span> <span class='ocrx_word' id='word_1_298' title='bbox 202 3877 359 3961; x_wconf 89' lang='lat' dir='ltr'><strong>recipiunt</strong></span> <span class='ocrx_word' id='word_1_299' title='bbox 382 3896 460 3941; x_wconf 91' lang='lat' dir='ltr'><strong>onus</strong></span> <span class='ocrx_word' id='word_1_300' title='bbox 483 3877 603 3942; x_wconf 88' lang='lat' dir='ltr'><strong>tutelae</strong></span> <span class='ocrx_word' id='word_1_301' title='bbox 625 3899 682 3943; x_wconf 89' lang='lat' dir='ltr'><strong>neo</strong></span> <span class='ocrx_word' id='word_1_302' title='bbox 706 3881 781 3943; x_wconf 87' lang='lat' dir='ltr'><strong>anni</strong></span> <span class='ocrx_word' id='word_1_303' title='bbox 803 3879 921 3945; x_wconf 91' lang='lat' dir='ltr'><strong>habent</strong></span> <span class='ocrx_word' id='word_1_304' title='bbox 943 3883 1160 3964; x_wconf 79' lang='lat' dir='ltr'><strong>vacationem,</strong></span> <span class='ocrx_word' id='word_1_305' title='bbox 1183 3886 1222 3944; x_wconf 89' lang='lat' dir='ltr'><strong>ut</strong></span> <span class='ocrx_word' id='word_1_306' title='bbox 1243 3878 1375 3962; x_wconf 87' lang='lat' dir='ltr'><strong>Papini·</strong></span> 
     </span>
    </p>
   </div>
   <div class='ocr_carea' id='block_1_5' title="bbox 234 4099 587 4178">
    <p class='ocr_par' dir='ltr' id='par_1_6' title="bbox 234 4099 587 4178">
     <span class='ocr_line' id='line_1_36' title="bbox 234 4099 587 4178; baseline 0.008 -26"><span class='ocrx_word' id='word_1_307' title='bbox 234 4100 262 4178; x_wconf 85' lang='lat' dir='ltr'><strong>l)</strong></span> <span class='ocrx_word' id='word_1_308' title='bbox 281 4099 419 4172; x_wconf 78' lang='lat' dir='ltr'><strong>Kruegerz</strong></span> <span class='ocrx_word' id='word_1_309' title='bbox 438 4101 587 4174; x_wconf 86' lang='lat' dir='ltr'><strong>rescripsit.</strong></span> 
     </span>
    </p>
   </div>
   <div class='ocr_carea' id='block_1_6' title="bbox 0 0 1500 4596">
    <p class='ocr_par' dir='ltr' id='par_1_7' title="bbox 0 0 1500 4596">
     <span class='ocr_line' id='line_1_37' title="bbox 0 0 1500 4596; baseline 0 0"><span class='ocrx_word' id='word_1_310' title='bbox 0 0 1500 4596; x_wconf 95' lang='lat' dir='ltr'><strong> </strong></span> 
     </span>
    </p>
   </div>
  </div>
 </body>
</html>
