2916 4604
229 95 295 169 aba
612 125 696 174 vvsv.
716 104 773 174 iil.
798 121 843 171 rx.
863 104 1034 192 ssu—10.

226 294 329 382 igitur
351 297 491 381 praefata
515 301 626 384 quinta
648 299 803 363 bonorum
826 299 1020 384 possessione
1040 298 1074 362 in
1097 296 1233 385 gradum
1256 299 1320 363 eius
1333 320 1388 363 sex·
1436 371 1437 388 ξ

225 404 294 466 tam
314 407 406 469 antea
424 403 577 470 bonorum
601 407 827 491 possessionem
844 405 1030 470 reduximus
1050 410 1082 470 et
1098 404 1243 488 quintam
1254 405 1387 480 fecimus,

225 527 322 593 quam
352 515 477 594 praetor
509 513 662 597 proximis
693 513 837 599 cognatis
864 508 1041 598 pollicetur.
1089 507 1234 593 Cumque
1258 510 1406 594 antestis

224 616 360 699 septimo
390 615 458 682 loco
489 618 593 685 fuerat
625 618 780 685 bonorum
812 619 964 704 possessio
996 622 1067 683 tum
1095 637 1192 702 quam
1223 638 1261 682 ax
1283 616 1392 682 familia

225 724 257 784 et
284 726 395 788 octavo
426 724 509 790 unda
540 725 633 791 libari
664 728 788 811 patroni
815 731 1026 811 patronaeque
1051 730 1082 790 at
1107 728 1252 809 parentes
1275 744 1389 798 eorum,

222 832 391 914 utramque
421 852 476 916 per
506 834 766 897 constitutionem
798 836 955 908 nostram,
981 850 1077 915 quam
1100 829 1138 895 da
1161 832 1232 894 iure
1260 834 1391 915 patrona·

222 937 274 998 tus
304 934 458 1013 fecimus,
482 940 610 1024 penitus
632 940 858 1004 vacuavimus:
884 959 959 1002 cum
981 938 1067 1002 enim
1095 937 1134 1002 ad
1158 935 1391 1002 similitudinem
1436 917 1437 952 r

220 1043 424 1107 successionis
465 1046 677 1132 ingenuorum
719 1044 942 1111 libertinorum
977 1046 1186 1109 successiones
1220 1045 1390 1128 posuimus,

221 1167 298 1231 quas
330 1168 430 1235 usque
462 1151 501 1224 ad
533 1155 682 1238 quintum
706 1151 927 1216 tantummodo
947 1148 1082 1237 gradm
1107 1151 1337 1226 coartavimus,
1360 1155 1391 1212 ut

219 1254 263 1317 sit
297 1253 405 1340 aliqua
437 1258 522 1322 inter
555 1259 710 1346 ingenuos
740 1262 771 1322 et
800 1256 932 1322 libertos
955 1255 1146 1334 differentis,
1172 1254 1332 1320 sufficiunt
1354 1259 1391 1320 eis

218 1363 286 1425 tam
318 1365 427 1428 contra
454 1362 580 1430 tabulas
607 1365 761 1430 bonorum
790 1363 944 1449 possessio
974 1383 1069 1447 quam
1096 1362 1180 1427 unde
1203 1360 1344 1448 legitimi
1365 1371 1391 1425 et

217 1465 301 1532 unde
325 1471 470 1556 cognati,
496 1491 534 1535 ex
558 1470 673 1554 quibus
696 1471 817 1556 possint
841 1489 898 1534 sua
917 1471 987 1534 iura
1008 1468 1185 1544 vindicare,
1207 1471 1295 1533 omni
1314 1489 1391 1532 scru-

217 1571 388 1658 pulositate
415 1582 447 1641 et
470 1575 683 1642 inextricabili
706 1597 808 1642 errore
832 1574 968 1640 duarum
991 1576 1127 1640 istarum
1150 1576 1305 1640 bonorum
1326 1595 1390 1659 pos·

217 1682 393 1746 sessionum
417 1683 565 1749 resoluta.
601 1683 709 1749 Aliam
728 1703 802 1748 vero
823 1683 977 1766 bonorum
996 1683 1243 1766 possessionem,
1265 1701 1343 1765 quae
1358 1681 1405 1764 (s)v

216 1786 299 1852 unde
330 1789 382 1853 vir
411 1794 443 1854 et
475 1810 555 1854 uxor
585 1789 763 1875 appellatur
794 1794 826 1855 et
857 1809 938 1854 nono
962 1788 1031 1854 loco
1054 1789 1137 1852 inter
1160 1793 1281 1852 veteres
1303 1787 1392 1852 bono

216 1913 288 1956 rum
317 1897 525 1979 possessiones
548 1898 651 1980 posita
673 1897 793 1969 fuerat,
819 1900 850 1960 et
873 1897 906 1958 in
931 1914 987 1961 suo
1010 1896 1121 1981 vigore
1145 1897 1341 1958 servavimus
1365 1901 1391 1957 et

215 1996 325 2064 altiore
354 1999 441 2085 loco,
470 2003 502 2066 id
528 2008 575 2068 est
599 2008 705 2087 sexto,
730 2003 1004 2088 composuimus,
1031 2000 1155 2066 decima
1177 2002 1279 2065 veteri
1303 2000 1389 2064 bono

213 2125 287 2169 rum
317 2110 510 2190 possessione
542 2129 621 2193 quae
652 2113 719 2174 erat
746 2108 830 2173 unde
854 2109 981 2195 cognati
1003 2109 1245 2172 manumissoris
1269 2112 1389 2191 propter

217 2231 326 2276 causas
358 2219 516 2279 enarratas
547 2217 663 2280 merito
691 2214 833 2280 sublata:
858 2220 894 2277 ut
918 2235 971 2278 sex
995 2213 1216 2279 tantummodo
1241 2212 1389 2277 bonorum

214 2319 423 2402 possessiones
454 2322 629 2386 ordinariae
655 2324 860 2407 permaneant
880 2339 936 2385 suo
957 2322 1067 2407 vigore
1087 2317 1251 2404 pollentes.
1288 2316 1340 2382 Se·
1356 2317 1404 2403 (sz

215 2423 319 2508 ptime
340 2445 392 2489 aas
415 2432 538 2504 secuta,
564 2448 658 2512 quam
682 2431 804 2512 optima
826 2427 947 2492 ratione
970 2431 1127 2510 praetores
1139 2424 1379 2489 introduxerunt

212 2531 384 2596 novissime
407 2535 493 2597 enim
516 2537 718 2619 promittitur
739 2534 842 2598 edicto
862 2533 913 2598 his
932 2533 1029 2596 etiam
1050 2511 1204 2596 bonorum
1225 2531 1387 2615 possessio,

213 2638 329 2720 quibus
352 2642 389 2702 ut
414 2638 508 2704 datur
525 2639 597 2728 lege
623 2639 672 2707 vel
696 2644 822 2705 senatus
843 2637 986 2704 consulto
1004 2637 1058 2702 vel
1077 2639 1389 2702 constitutioneoom-

213 2741 405 2826 prehensum
437 2751 502 2820 est,
532 2769 628 2833 quam
658 2769 760 2834 nequa
791 2746 945 2812 bonorum
976 2743 1224 2829 possessionibus
1249 2762 1327 2827 quae
1356 2741 1387 2806 ab

107 2888 110 2894 ,
210 2849 359 2915 intestato
383 2854 517 2916 veniunt
540 2876 640 2940 neque
664 2857 708 2920 eis
730 2873 809 2938 quae
828 2872 867 2915 ex
887 2854 1076 2916 testamento
1096 2854 1171 2914 sunt
1190 2855 1315 2933 praetor
1335 2853 1387 2912 ata-

209 2954 268 3018 bili
299 2958 368 3021 iure
400 2963 653 3037 connumeravit,
683 2961 737 3026 sed
761 2961 850 3044 quasi
874 2957 1029 3022 ultimum
1053 2962 1084 3022 at
1108 2958 1385 3022 extraordinarium

210 3060 386 3138 auxilium,
420 3070 515 3148 prout
544 3087 594 3131 ras
620 3069 738 3154 exigit,
765 3065 1018 3133 accommodavit
1042 3062 1163 3129 scilicet
1186 3063 1254 3147 his,
1279 3065 1332 3148 qui
1355 3083 1385 3126 ex

209 3166 336 3254 legibus
369 3176 496 3235 senatus
528 3172 679 3237 consultis
714 3170 993 3246 constitutionibus
1029 3173 1210 3255 principum
1243 3191 1282 3235 ex
1311 3188 1384 3232 novo

208 3275 277 3338 iure
300 3273 353 3340 vel
376 3296 415 3339 ex
438 3281 629 3344 testamento
654 3278 706 3345 vel
726 3279 764 3343 ab
784 3279 936 3342 intestato
955 3278 1098 3342 veniunt.
1136 3271 1218 3340 Oum
1239 3277 1339 3362 igitur
1352 3272 1398 3358 (s)s

206 3381 313 3467 plures
348 3385 466 3470 species
501 3387 734 3450 successionum
770 3387 895 3469 praetor
929 3383 1156 3448 introduxisset
1191 3401 1305 3466 easque
1334 3399 1381 3464 per

207 3488 351 3552 ordinem
382 3487 586 3575 disposuisset
617 3496 649 3555 et
680 3493 713 3554 in
736 3509 924 3574 unaquaque
947 3491 1050 3574 specie
1074 3489 1279 3553 successionis
1301 3506 1382 3569 saepe

207 3594 314 3681 plures
346 3598 452 3660 extent
482 3596 601 3681 dispari
631 3597 735 3684 gradu
762 3613 928 3681 personae:
960 3616 1000 3659 ne
1034 3597 1172 3660 actiones
1198 3594 1378 3658 creditorum

209 3701 408 3778 differantur,
433 3703 486 3766 sed
509 3703 662 3767 haberent
689 3723 766 3787 quos
791 3703 1012 3786 convenirent,
1035 3706 1067 3768 et
1090 3721 1129 3765 ne
1153 3699 1245 3764 facile
1268 3701 1302 3763 in
1322 3719 1379 3783 pos·

209 3809 380 3872 sessionem
400 3807 553 3873 bonorum
576 3807 717 3874 defuncti
739 3810 911 3874 mittantur
935 3813 966 3873 at
990 3828 1026 3873 eo
1049 3807 1145 3872 modo
1169 3805 1231 3871 sibi
1253 3803 1378 3870 consvle

206 3918 297 3991 rant,
325 3913 396 3979 ideo
425 3914 577 4000 petendae
607 3916 763 3981 bonorum
793 3917 981 4004 possessioni
1004 3919 1128 3980 certum
1152 3918 1282 3999 tempus
1303 3931 1375 3997 prae·

207 4018 323 4086 finivit.
368 4020 478 4087 liberis
508 4023 615 4106 itaque
647 4027 679 4087 et
708 4022 892 4108 parentibus
923 4027 989 4087 tom
1018 4020 1218 4086 naturalibus
1242 4016 1374 4107 quant)

206 4128 363 4213 adoptivis
384 4130 418 4193 in
439 4128 573 4214 petenda
595 4129 749 4195 bonorum
773 4131 966 4214 possessione
985 4129 1232 4212 annispatiurn‚
1247 4124 1363 4194 caeteris
1430 4169 1431 4220 3
