2894 4616
466 20 823 145 tartarce-ao.
1174 49 1239 126 eoa

57 249 124 320 dem
152 253 284 320 naturae
307 237 536 336 qualitatisque
560 232 621 329 sit:
646 250 681 314 in
705 241 929 316 deductionem
952 248 1062 314 autem
1082 249 1087 333 Ι
1107 251 1240 318 vocatur
1261 258 1310 340 aa·

56 365 86 425 ot
107 359 188 444 quod
209 379 273 426 non
296 361 344 424 est
367 356 509 424 eiusdem
532 359 676 444 generis;
703 357 812 441 itaque
834 357 902 424 eive
916 353 942 442 ¹)
967 357 1102 440 pecunia
1122 358 1127 440 Ι
1147 361 1237 442 petat
1259 384 1272 426 a

54 466 202 532 honorum
223 471 347 550 emptor
367 469 399 530 et
418 466 557 532 invicem
577 465 776 532 frumentum
798 466 854 528 aut
876 465 988 532 vinum
1011 463 1040 527 is
1063 468 1086 541 †
1110 463 1135 551 ²)
1159 465 1164 549 Ι
1185 465 1236 531 de·
1258 487 1272 532 o

54 573 139 654 beat,
164 570 297 638 deducto
321 595 340 636 a
364 577 503 636 toaorcca
525 580 652 656 emptore
663 577 689 653 3)
696 620 705 650 ,
732 571 844 655 quanti
869 569 903 635 id
928 571 1004 647 orit,
1024 569 1059 633 in
1077 569 1238 656 reliquum

27 675 226 764 ¹)exlperitnr.
261 676 344 742 Item
374 683 507 744 vocatur
538 677 573 742 in
604 678 827 744 deductionem
853 681 885 742 et
908 677 961 761 id,
986 677 1070 761 quod
1092 679 1126 740 in
1149 678 1272 747 diemr

52 778 205 872 delbetur‚
241 790 463 869 compensatur
497 789 605 850 autem
635 784 696 849 hoc
726 782 848 862 solum,
881 781 965 868 quod
995 783 1153 866 praesenti
1185 786 1273 853 dieo

27 890 197 981 )debe{tur.
244 890 411 957 Praeterea
440 889 706 976 compensationis
736 889 865 974 quidem
887 889 970 954 ratio
993 890 1027 953 in
1050 888 1237 965 intentiolne
1259 913 1282 973 a,
1297 914 1322 959 ιο

50 998 193 1082 ponitur,
215 999 220 1082 Ι
241 1017 303 1082 quo
325 995 380 1082 fit,
404 999 442 1062 ut
465 998 493 1062 ai
516 997 600 1062 facta
624 997 878 1081 compensatione
901 993 974 1080 plus
997 1015 1132 1061 nummo
1155 991 1233 1075 uno!
1258 1021 1283 1065 ιι

51 1103 191 1168 intendat
225 1104 424 1190 argentarius
460 1123 555 1168 causa
591 1101 701 1186 cadat,
739 1103 785 1186 (et
820 1102 860 1167 ob
895 1101 929 1166 id
966 1103 1036 1166 r'em
1070 1101 1181 1186 perdat
1191 1103 1234 1189 ,)Ι
1261 1126 1285 1170 n

52 1209 194 1275 deductio
226 1231 300 1276 vero
331 1209 371 1275 ad
394 1209 691 1274 condemnationem
714 1208 859 1293 ponitur,
886 1227 949 1292 quo
972 1207 1041 1273 loco
1064 1207 1138 1293 plus
1158 1210 1164 1292 Ι
1184 1229 1237 1294 pe·
1261 1233 1295 1287 ra,
1306 1232 1330 1277 ιι

52 1317 130 1382 tenti
147 1316 327 1403 periculum
346 1335 409 1380 non
427 1313 618 1390 intervenit,
637 1312 750 1398 utique
764 1314 921 1379 bonorum
942 1318 1085 1399 emptore
1104 1321 1235 1401 agente,

50 1424 122 1508 qui,
143 1423 148 1506 Ι
168 1421 246 1488 licet
269 1423 307 1488 de
330 1426 416 1488 certa
438 1423 573 1508 pecunia
595 1425 686 1508 agat,
713 1421 888 1506 incertam]
919 1425 1028 1487 tamen
1051 1421 1238 1487 condemna-
1261 1443 1286 1488 ιε

51 1529 182 1612 tiolnem
206 1531 353 1615 concipit.
727 1585 729 1590 .
1259 1547 1285 1596 ro

22 2536 32 2624 1
92 2537 178 2622 Quia
212 2537 321 2604 tamen
351 2539 496 2626 superius
524 2542 721 2608 mentionem
744 2541 925 2626 habuitmno
948 2544 986 2610 dc
1011 2546 1149 2629 actione,
1172 2565 1235 2630 qua
1257 2568 1283 2612 ιι

38 2696 217 2707 ---.-.

85 2781 117 2849 1)
139 2783 179 2837 Gr
199 2781 223 2835 oi
242 2780 261 2838 11
281 2785 427 2856 (:vero).

80 2873 112 2940 2)
133 2873 294 2930 Perierunt:
321 2876 393 2930 cuius
418 2876 485 2929 bona
511 2877 583 2945 emit,
613 2877 714 2944 debeat,
741 2877 794 2931 aive
810 2877 972 2945 framentum
992 2888 1038 2933 aot
1056 2878 1145 2932 vinum
1162 2887 1235 2949 petat

42 2973 68 3017 et
87 2965 199 3018 invicem
214 2967 354 3036 pecuniam
372 2964 422 3018 is”.

80 3053 112 3120 3)
133 3053 166 3108 In
196 3053 256 3109 cod.
285 3056 350 3124 post
375 3053 532 3109 »deducto'’
560 3054 631 3109 duae
657 3055 770 3112 litterae
790 3059 903 3112 exstant
921 3057 1058 3124 incertae,
1078 3057 1112 3112 de
1131 3057 1232 3128 quibus

41 3143 225 3200 Studemund
251 3147 347 3200 notat:
377 3143 594 3200 ›correctionem
622 3163 720 3217 passae
740 3151 821 3213 aunt,
841 3148 958 3203 fortasse
977 3149 1123 3203 deductore
1142 3151 1235 3220 quanti

40 3238 113 3290 ante
139 3236 325 3291 correcturam
348 3235 481 3304 scriptum
504 3237 565 3290 erat
584 3252 618 3290 ex
637 3254 691 3306 quo
712 3238 819 3291 dcdamo
838 3241 895 3292 iare
914 3237 974 3308 (sed
994 3241 1026 3292 nt
1045 3241 1101 3292 iare
1118 3238 1232 3294 litterae

39 3324 135 3380 deleri
155 3325 300 3396 deberent)
319 3328 457 3393 corrector
475 3325 594 3382 effecit¹'.
625 3327 704 3393 Quod
723 3327 751 3381 in
773 3327 866 3383 codice
883 3345 911 3382 ee
928 3328 1029 3384 vidisse
1045 3331 1167 3384 testatur
1183 3328 1234 3381 Vir

41 3414 97 3482 Ol„
126 3432 183 3484 qua
208 3417 251 3470 est
275 3415 351 3486 apud
370 3433 420 3470 noa
440 3416 624 3483 auctoritate,
644 3417 726 3473 facile
747 3419 772 3472 ei
792 3417 944 3484 credimus,
965 3419 1055 3472 minus
1075 3435 1139 3474 vero
1159 3416 1233 3485 quod

37 3505 178 3561 hocloco
197 3504 357 3561 coniectura
375 3506 514 3576 proponit.
553 3506 642 3572 Quam
662 3509 698 3563 ob
717 3525 776 3562 rem
795 3508 869 3562 enirn
890 3511 1028 3563 corrector
1047 3509 1103 3560 iure
1121 3506 1231 3559 litterae

38 3593 199 3660 affecisset,
227 3613 298 3665 qnae
324 3599 419 3651 tamen
444 3595 532 3650 deleri
551 3596 707 3652 deberent?
727 3597 863 3665 Equidem
884 3598 972 3652 statui
990 3597 1111 3666 primam
1130 3595 1231 3649 harum

37 3686 218 3742 litterarum
236 3702 293 3740 non
317 3686 430 3743 istisne
450 3686 498 3740 sed
517 3705 549 3752 a,
570 3703 642 3756 quae
661 3687 773 3741 litterae
791 3687 827 3741 ob
848 3685 1060 3740 similitudinem
1080 3685 1230 3754 figurarum

36 3778 105 3848 ipso
132 3775 213 3852 Stud.
233 3777 320 3842 teste,
340 3776 473 3832 facillime
492 3775 714 3842 confunduntur;
735 3775 826 3845 (cuius
845 3775 939 3830 mendi
959 3775 1118 3844 exemplum
1144 3775 1231 3828 habe-

35 3885 108 3923 mus
135 3866 188 3920 hac
214 3864 275 3935 ipra
300 3865 329 3920 in
347 3867 451 3938 pagina
468 3869 507 3936 (r.
530 3867 590 3934 15),
609 3869 701 3921 incerti
719 3866 792 3920 enim
813 3865 842 3919 in
862 3865 929 3920 Cod.
949 3866 993 3919 est
1011 3881 1062 3934 pro
1081 3867 1230 3935 incertam:

35 3979 56 4012 u
78 3973 149 4014 vero
169 3956 255 4011 tritus
274 3958 317 4011 est
336 3973 411 4013 error
429 3975 479 4027 pro
499 3959 528 4022 1;
549 3960 581 4011 ut
601 3957 638 4011 ait
657 3975 674 4011 a
695 3959 717 4010 b.
736 3959 765 4010 ῖε
783 3973 848 4026 pro:
869 3975 895 4011 a.
915 3958 951 4010 ὸῖ.
971 3974 1014 4018 re,
1031 3973 1116 4024 quarn
1133 3959 1229 4009 notam

35 4049 87 4102 be.
100 4063 133 4101 re
158 4049 209 4119 (z
220 4047 354 4103 bonorum
380 4047 514 4120 emptore)
539 4046 614 4102 infra
633 4047 769 4100 habemus
789 4063 870 4102 versu
892 4047 926 4098 14
945 4044 1027 4098 huius
1047 4063 1111 4120 pag.
