2894 4616
227 17 292 89 ³92
422 35 506 85 insu.
532 17 592 98 IV,
617 35 662 85 vr.
688 17 725 104 §t
749 15 808 102 30,
834 13 886 106 dl.
911 31 968 83 un.
992 35 1039 103 pr.
1063 16 1099 104 §§
1123 17 1158 100 1,
1184 15 1217 84 2.

227 211 348 296 aliquid
379 209 644 296 compensationis
666 212 796 276 nomine
820 207 935 294 opponi
959 209 1037 274 satis
1057 205 1198 293 impium
1224 227 1290 272 eme
1310 207 1390 272 medi·

227 317 350 395 dimus,
371 338 411 382 ne
429 318 488 383 sub
506 321 674 403 praetextu
693 317 960 402 compensationis
979 314 1197 400 depositarum
1215 334 1320 378 rerum
1336 316 1390 398 quis

227 425 389 489 exactione
420 423 633 490 defraudetur.
680 420 848 488 Praeterea
880 420 1035 506 quasdam
1066 423 1207 486 actiones
1231 419 1417 488 arbitrariae

225 529 259 595 id
291 533 339 595 est
366 550 405 595 ex
428 530 560 596 arbitrio
582 528 699 594 iudicis
721 530 894 615 pendentes
918 526 1131 613 appellamus,
1157 529 1192 591 in
1216 527 1328 611 quibus
1347 527 1394 590 nisi

223 637 355 702 arbitrio
377 636 495 702 iudicis
517 637 545 701 is
568 657 643 701 eum
666 657 729 722 quo
753 636 862 723 agitur
885 636 985 700 actori
1010 631 1182 700 satisfaciat
1194 679 1203 711 ,
1224 631 1327 700 veluti
1342 654 1394 696 ren

227 744 377 809 restituat
411 741 465 809 vel
499 742 647 808 exhibeat
677 743 730 810 vel
761 742 865 810 solvat
898 739 952 808 vel
976 761 1015 806 ex
1037 739 1145 805 noxali
1168 760 1265 806 causa
1288 759 1396 805 seruum

226 847 337 933 dedat,
362 847 566 914 condemnari
588 847 711 914 debeat.
747 848 801 916 sed
833 850 913 914 istae
934 846 1072 914 actiones
1088 824 1155 912 ta'm
1178 848 1302 912 iurem
1320 867 1396 930 quan

225 955 260 1020 in
289 974 455 1041 personam
485 955 702 1024 inueniuntur.
737 957 772 1020 in
801 975 872 1020 rem
902 953 1005 1020 veluti
1028 951 1235 1036 Publiciana,
1261 950 1396 1017 &mnne

226 1060 265 1127 de
293 1063 389 1128 rebus
421 1061 541 1140 coloni,
574 1063 665 1147 quasi
688 1059 859 1145 Serviane,
884 1081 964 1146 quae
988 1059 1087 1126 etiam
1110 1057 1342 1146 hypothecaria
1360 1079 1398 1124 vo-

226 1172 334 1234 catur:
359 1169 393 1232 in
415 1187 583 1254 personam
607 1167 712 1234 veluti
735 1168 851 1253 quibus
872 1167 911 1232 de
930 1187 968 1233 eo
987 1167 1112 1254 agitur,
1134 1165 1219 1251 quod
1236 1169 1297 1230 aut
1315 1171 1401 1230 metus

227 1295 323 1341 causa
344 1279 400 1340 ant
423 1273 495 1340 dolo
517 1273 604 1340 malo
627 1275 749 1342 iactum
772 1279 838 1358 est,
862 1274 943 1339 item
966 1273 1102 1358 quaid,
1128 1271 1213 1358 quod
1237 1276 1326 1337 certo
1346 1271 1400 1336 loco

226 1381 419 1468 promissum
449 1385 513 1460 est,
538 1378 669 1467 petitur.
716 1380 756 1446 ad
779 1379 996 1446 exhibendum
1019 1399 1143 1466 quoque
1167 1381 1252 1444 aetio
1278 1373 1319 1443 ex
1339 1379 1402 1443 arbi·

225 1487 287 1553 trio
309 1486 425 1554 iudicis
447 1487 573 1573 pendet.
608 1489 643 1552 in
665 1486 717 1552 bis
740 1487 826 1553 enim
850 1485 1029 1582 actionibus
1052 1491 1084 1550 et
1109 1486 1243 1550 caeteris
1257 1483 1403 1550 similibus

226 1595 426 1677 permittitur
455 1592 555 1660 iudici
588 1615 628 1660 ex
650 1594 734 1660 bono
755 1596 789 1658 et
811 1612 911 1677 aequo
934 1590 1108 1658 secundum
1132 1591 1291 1675 cuiusque
1315 1589 1358 1655 rei
1377 1589 1403 1654 de

227 1718 290 1782 qua
318 1705 426 1766 actum
458 1705 505 1768 est
527 1705 676 1767 naturam
698 1700 882 1778 amtimare,
908 1696 1179 1784 quemadmodum
1203 1697 1311 1764 actori
1332 1696 1403 1762 satis

229 1799 297 1871 fieri
320 1810 474 1893 oporteat.

781 1967 851 2046 vn.

251 2157 351 2228 QUOD
373 2155 449 2222 CUM
469 2159 518 2221 no
540 2155 606 2230 QUI
625 2155 671 2219 IN
690 2153 1075 2220 maledicentes
1096 2155 1165 2222 EST
1186 2155 1385 2224 NEGOTIUM

597 2255 748 2316 GESTUM
767 2253 856 2314 ESSE
877 2254 1041 2316 DIGITUR.

266 2411 360 2508 Quia
391 2423 510 2488 tamen
534 2410 695 2512 superius
720 2409 937 2486 mentionem
961 2409 1147 2488 habuimus
1173 2414 1220 2489 de
1248 2419 1399 2504 actione,

212 2551 308 2624 quae
344 2529 382 2598 in
415 2526 592 2626 peculium
625 2526 779 2599 liliorum
813 2527 967 2600 familias
1000 2556 1254 2630 servorumque
1282 2535 1402 2632 agitur:

219 2665 306 2737 opus
331 2652 403 2730 est,
429 2652 469 2712 ut
489 2639 534 2713 de
554 2640 620 2714 hae
642 2640 783 2714 actione
805 2652 841 2712 et
862 2639 907 2714 de
930 2644 1097 2731 caeteris,
1111 2669 1202 2742 qnae
1216 2645 1400 2718 eorundem

218 2755 360 2826 nomine
397 2755 435 2826 in
472 2766 636 2851 parentes
673 2753 881 2830 dominosve
918 2754 995 2826 dari
1031 2755 1167 2842 solent,
1201 2756 1399 2858 diligentius

218 2865 482 2954 admoneamus.
530 2880 563 2945 et
592 2878 682 2960 quia,
707 2876 775 2944 sive
801 2895 876 2941 cum
902 2876 1002 2943 servis
1023 2879 1192 2965 negotium
1214 2885 1347 2966 gestum
1367 2878 1400 2943 sit

216 2979 283 3047 sive
314 3004 389 3047 eum
419 2983 486 3058 his,
516 2984 571 3066 qui
593 2981 627 3045 in
649 2987 805 3066 potestate
829 2983 970 3066 parentis
993 2989 1088 3062 sunt,
1113 2985 1178 3051 lere
1201 2987 1319 3052 eadem
1338 2986 1397 3051 iun

214 3093 396 3172 servantur,
431 3111 471 3154 ne
501 3088 633 3155 verbosa
664 3085 719 3152 fiat
743 3088 935 3173 disputatio,
960 3090 1138 3178 dirigamus
1163 3095 1394 3159 sermonemin

210 3209 376 3277 personam
408 3195 491 3261 servi
522 3193 723 3278 dominique,
752 3193 839 3258 idem
863 3193 1058 3262 intellecturi
1082 3197 1121 3262 dc
1143 3196 1258 3264 liberis
1280 3217 1393 3285 quoque

215 3301 247 3362 et
274 3301 479 3383 parentibus,
509 3319 645 3383 quorum
676 3299 710 3363 in
730 3301 886 3383 potestate
910 3303 994 3365 sunt.
1028 3323 1114 3368 nam
1138 3305 1167 3367 si
1190 3305 1271 3388 quid
1294 3308 1330 3370 in
1351 3305 1391 3368 bis

208 3405 332 3489 proprie
355 3408 556 3489 observetur,
579 3396 747 3491 separatim
772 3406 979 3478 ostendimus.

252 3511 292 3582 Si
315 3512 423 3610 igitur
444 3511 541 3580 iussu
561 3509 695 3579 domini
717 3536 798 3580 cum
819 3535 925 3582 servo
950 3511 1131 3610 negotium
1152 3525 1301 3613 genuam·
1313 3517 1387 3599 erit,

203 3627 240 3695 in
266 3625 420 3696 solidum
446 3634 589 3720 praetor
609 3622 777 3694 adversus
801 3620 1174 3698 dominumactiouem
1187 3628 1386 3725 pollicetur,

202 3738 340 3810 seilicet
364 3739 445 3836 quia
471 3737 531 3834 qui
558 3738 605 3806 ita
633 3734 810 3807 connatis
832 3735 938 3806 iidem
965 3736 1099 3808 domini
1121 3741 1224 3840 sequi
1247 3742 1384 3814 videtur.

198 3851 336 3920 Eadem
374 3852 510 3922 ratione
548 3851 689 3946 praetor
727 3850 815 3920 duas
853 3849 941 3921 alias
974 3850 1012 3920 id
1045 3853 1198 3926 solidum
1233 3857 1406 3928 actiones

194 3960 403 4062 pollicetur,
430 3988 577 4060 quarum
604 3963 714 4033 altera
740 3965 969 4053 exercitoria,
996 3965 1107 4040 altera
1132 3968 1311 4042 institoria
1337 3993 1384 4066 ap
