2880 4614
245 67 311 134 244
627 80 710 131 ruse.
735 59 791 127 ΙΠ.
816 79 869 130 xv.
895 59 1042 149 §51—6.

245 255 299 321 sed
329 254 406 318 haec
437 251 604 318 sollemnia
626 253 724 318 verba
747 253 826 318 olim
852 252 982 337 quidem
1006 254 1040 315 in
1063 271 1124 315 usu
1145 250 1290 315 bierunt:
1313 253 1389 334 postea

245 371 354 428 autem
385 359 543 425 Deoniana
574 361 759 424 eonst'tutio
790 359 857 424 lata
887 362 952 440 est,
976 378 1056 442 quae
1079 356 1293 422 sollemnitate
1312 355 1389 420 verbe

244 488 318 531 rum
354 466 480 531 sublata
510 483 639 529 sensum
670 469 710 530 et'
734 469 958 530 consonantem
990 462 1192 529 intellectum
1223 462 1263 526 ab
1292 465 1391 544 utreque

245 577 334 658 parte
358 572 463 637 solum
487 572 662 647 desiderat,
685 571 762 636 licet
786 570 1039 655 quibuscumque
1058 568 1165 634 verbis
1185 587 1341 652 expressus
1355 571 1391 630 est

207 697 227 710 ⁴·
291 678 403 743 Omnis
435 677 599 762 stipulatio
630 682 686 741 aut
717 697 796 760 pure
829 680 885 740 aut
915 677 949 739 in
972 673 1059 739 diem
1082 679 1138 740 aut
1161 674 1220 740 sub
1244 673 1404 738 condiciones

243 784 290 849 fit.
325 805 404 870 pure
426 782 529 851 veluti
554 783 702 868 ‘quinque
726 800 836 846 aureos
860 781 934 844 dare
956 776 1118 866 spondesl’
1140 780 1235 865 idque
1261 780 1394 845 coelestin

242 894 310 977 peti
339 895 454 977 potest.
500 892 535 953 in
566 889 671 971 diem,
703 908 778 952 cum
808 887 930 951 adiecto
962 885 1013 950 die
1045 905 1106 970 quo
1129 889 1265 971 pecunia
1287 884 1395 950 solvatur

227 996 408 1082 *stipulatio
431 994 484 1060 fit:
510 993 613 1060 veluti
632 994 754 1058 ‘decem
776 1011 886 1058 aureos
906 993 1019 1078 primis
1038 991 1183 1057 kalendis
1201 991 1329 1057 Martiis
1347 990 1395 1054 dare
1426 1011 1427 1024 ¹

241 1104 374 1188 spondes
383 1099 403 1166 b’
434 1101 468 1165 id
500 1105 626 1183 autem,
650 1099 734 1184 quod
757 1102 792 1163 in
814 1100 900 1164 diem
924 1098 1133 1184 stipulamur,
1159 1101 1272 1163 statim
1297 1097 1396 1182 quiden

242 1209 391 1284 debetur,
417 1207 471 1272 sed
495 1209 561 1291 peti
585 1208 675 1290 prius
698 1225 795 1289 quam
820 1205 887 1269 dies
910 1208 1018 1270 veniat
1041 1225 1103 1270 non
1127 1209 1246 1289 potest:
1270 1224 1305 1268 ac
1326 1225 1360 1266 ne
1376 1222 1397 1265 ee

242 1314 371 1399 quidem
393 1315 462 1397 ipso
486 1313 554 1395 die,
578 1313 612 1375 in
633 1331 728 1395 quem
751 1311 916 1396 stipulatio
937 1309 1021 1375 facta
1041 1316 1106 1384 est,
1124 1313 1191 1395 peti
1210 1313 1330 1395 potest,
1348 1309 1397 1391 (11111

240 1424 326 1483 totus
354 1418 421 1482 dies
452 1417 581 1482 arbitrio
614 1416 766 1484 solventis
793 1417 894 1480 tribui
917 1417 1019 1482 debet.
1066 1437 1167 1501 neque
1191 1419 1279 1481 enim
1302 1419 1397 1478 certon

242 1530 290 1592 est
320 1545 356 1590 eo
387 1524 457 1600 die,
490 1526 524 1586 in
554 1542 650 1607 quem
677 1523 873 1607 promissum
903 1527 966 1600 est,
993 1521 1105 1588 datum
1128 1543 1191 1587 non
1215 1542 1303 1607 esse,
1325 1523 1398 1605 prius·

242 1651 339 1715 quam
373 1634 559 1714 praetereat.
608 1631 652 1693 At
686 1631 714 1692 si
744 1631 790 1692 ita
819 1627 983 1713 stipuleris
1014 1629 1133 1693 ‘decem
1164 1649 1276 1694 aureos
1307 1645 1410 1691 annuere

242 1736 345 1821 quoad
367 1737 477 1801 vivam
502 1735 576 1799 dare
598 1733 772 1820 spondesl',
796 1732 1399 1821 11111111111111111111111111111111111

244 1847 276 1906 et
305 1846 527 1936 perpetuatur,
560 1843 633 1929 quia
664 1839 704 1904 ad
732 1845 859 1924 tempus
883 1839 990 1905 deberi
1012 1861 1075 1905 non
1097 1845 1210 1925 potest.
1262 1839 1317 1903 sed
1337 1839 1400 1900 heres

241 1948 376 2032 petendo
407 1949 494 2031 pacti
527 1948 708 2031 exceptione
732 1946 983 2010 submovebitur.
1030 1944 1097 2011 Sub
1121 1945 1306 2010 condicione
1327 1945 1412 2025 stipe-r

243 2052 323 2117 latio
350 2051 404 2130 fit,
429 2073 504 2117 cum
528 2055 562 2116 in
585 2052 726 2136 aliquem
750 2072 859 2116 casum
884 2051 1027 2116 differtur
1049 2050 1220 2137 obligatio
1242 2055 1297 2127 ut,
1323 2051 1348 2111 si
1366 2046 1402 2109 ab·

243 2159 320 2243 quid
339 2159 461 2222 factum
480 2159 576 2223 inerit
594 2163 650 2222 aut
668 2179 731 2222 non
750 2158 864 2233 fuerit,
886 2158 1050 2243 stipulatio
1071 2159 1314 2233 committatur,
1325 2151 1402 2219 veluti

244 2266 282 2328 ‘si
314 2261 420 2328 Titius
448 2264 557 2329 consul
587 2264 690 2328 factus
720 2263 834 2340 fuerit,
867 2265 1005 2348 quinque
1034 2284 1144 2329 aureos
1168 2263 1243 2327 dare
1268 2255 1402 2346 spondei·

243 2372 272 2434 si
303 2371 374 2453 quis
405 2372 451 2434 111
481 2368 652 2454 stipuletur
683 2371 722 2433 ‘si
751 2371 786 2432 in
816 2365 1012 2453 Capitolium
1043 2390 1106 2435 non
1138 2368 1323 2445 ascendero,
1353 2367 1403 2429 duc

244 2471 406 2560 spendesl'
429 2476 559 2560 perinde
582 2477 659 2552 erit,
685 2495 720 2538 ac
743 2476 772 2538 si
794 2474 966 2559 stipulatus
990 2481 1071 2539 esset
1090 2497 1164 2540 cum
1184 2478 1341 2539 morietur
1357 2471 1403 2535 dari

245 2583 318 2646 sibi.
366 2601 404 2645 ex
428 2580 636 2646 condicionali
659 2578 864 2665 stipulatione
887 2584 1014 2645 tantum
1037 2601 1107 2665 spes
1133 2585 1180 2646 est
1203 2581 1348 2646 debitum
1366 2579 1402 2648 iri,

247 2707 380 2772 eamque
419 2690 521 2772 ipsam
557 2707 645 2772 spem
680 2688 947 2764 transmittimus,
984 2689 1028 2765 si,
1064 2689 1252 2772 priusquam
1289 2685 1402 2752 condicio

245 2795 379 2874 existat,
409 2813 495 2857 mers
525 2792 616 2886 nobis
645 2793 825 2878 contigerit.
871 2791 955 2858 Loca
984 2795 1081 2857 etiam
1104 2796 1201 2858 inseri
1224 2790 1414 2879 stipulationis

245 2897 362 2992 solent,
394 2897 498 2987 1111111
525 2894 729 2982 ‘Cartbagine
760 2896 833 2962 dare
864 2897 1026 2984 spondesl'
1057 2920 1137 2986 quae
1160 2899 1329 2986 stipulatio
1349 2897 1402 2962 lieet

244 3023 322 3087 pure
345 3001 414 3068 fieri
437 3001 601 3079 videatur,
626 3008 734 3066 tamen
757 3024 791 3067 re
813 3004 882 3088 ipsa
904 3004 1001 3068 habet
1023 3009 1151 3090 tempus
1172 3007 1402 3085 monumen

242 3111 415 3193 promissor
444 3112 554 3172 utatur
585 3108 624 3172 ad
647 3110 816 3191 pecuniam
839 3106 1034 3196 Cartbagine
1057 3110 1205 3176 dandam.
1254 3116 1287 3176 et
1309 3109 1370 3174 ideo
1386 3105 1402 3168 si
1431 3115 1432 3118 ’

246 3215 317 3296 quis
339 3215 385 3277 111
408 3212 528 3278 Romae
548 3211 721 3298 stipuletur
742 3214 847 3279 ‘hodie
867 3211 1060 3302 Carthagine
1080 3216 1153 3281 dare
1173 3216 1309 3302 spondes
1318 3211 1337 3279 l'
1354 3215 1401 3276 inn-

244 3318 314 3382 tilis
344 3321 404 3382 erit
435 3318 616 3403 stipulatiO,
650 3339 725 3383 cum
755 3320 961 3405 impossibilis
989 3324 1031 3386 sit
1054 3324 1266 3408 repromissio.
1314 3317 1412 3386 Condit

239 3424 364 3496 cinnes,
389 3444 468 3508 quae
492 3424 532 3489 ad
553 3427 762 3509 praeteritum
786 3426 838 3492 vel
862 3427 901 3492 ad
924 3449 1069 3512 praesens
1089 3434 1218 3514 tempus
1238 3429 1400 3494 referuntur.

247 3534 303 3594 aut
337 3531 453 3623 statim
478 3528 639 3596 infirmant
670 3530 899 3618 obligationem
931 3540 986 3598 aut
1012 3535 1139 3600 omnine
1169 3555 1234 3600 nen
1263 3533 1400 3600 differmt:

245 3633 348 3700 1111111
380 3637 418 3698 ‘si
448 3633 553 3700 Titius
577 3635 686 3702 consul
709 3636 782 3701 fuit’
806 3636 859 3704 111
883 3641 921 3703 ‘si
942 3639 1090 3706 Maevius
1113 3642 1213 3717 11111,
1241 3641 1314 3705 dare
1335 3655 1400 3721 spon·

245 3736 329 3804 desl'
351 3760 427 3804 nam
450 3742 478 3805 si
501 3759 538 3805 ea
560 3744 607 3806 ita
628 3763 692 3807 nen
715 3747 802 3821 sunt,
827 3743 911 3808 nihil
933 3745 1021 3810 11111
1044 3744 1228 3831 stipulatio:
1250 3748 1300 3810 sin
1318 3749 1399 3810 111111

244 3846 292 3909 111
325 3865 358 3910 se
392 3846 528 3922 habent,
561 3850 671 3913 statim
701 3847 798 3916 valet.
845 3869 924 3935 quae
956 3854 1042 3916 enim
1068 3871 1124 3938 per
1147 3869 1256 3916 rerum
1278 3855 1399 3915 naturae

244 3954 329 4014 certa
363 3955 453 4029 sunt,
489 3973 552 4018 non
584 3959 750 4019 morantur
785 3955 1034 4044 obligationem,
1068 3957 1144 4023 licet
1176 3953 1261 4043 apud
1293 3975 1345 4021 nes
1367 3953 1398 4014 in·

245 4059 330 4124 certa
352 4061 435 4121 sunt.
