2890 4616
173 20 252 95 Ι
533 37 617 88 rusr.
642 20 696 104 lv,
719 37 764 103 n,
788 21 825 104 βξ
849 14 1035 82 eea-seu.

233 212 323 284 Plus
349 221 465 284 eutem
492 217 659 310 quattuor
682 205 798 278 modis
824 207 970 306 petitur:
997 233 1057 296 re,
1078 217 1260 303 tempore,
1278 204 1362 288 loco,
1376 215 1406 268 o

186 352 302 398 ceusu.
355 350 412 405 re:
448 325 555 396 veluti
583 323 611 394 si
638 322 717 420 quis
740 346 805 417 pro
831 319 954 392 decem
983 331 1088 396 eureis
1114 322 1176 418 qui
1202 320 1236 390 ei
1264 315 1367 388 debe-
1404 357 1405 362 κ

183 441 313 512 buntur
348 438 474 536 viginti
508 435 667 534 petierit,
691 445 751 504 eut
776 434 807 504 si
832 435 883 519 is,
911 436 1011 506 cuius
1036 461 1079 506 ex
1103 445 1205 531 perte
1231 458 1289 503 res
1313 441 1367 515 est,

184 564 294 624 totum
334 577 410 620 cam
453 548 508 620 vel
552 548 683 618 maiore
718 571 759 618 ex
794 557 894 642 purte
929 573 1026 618 suum
1061 573 1139 618 esse
1174 542 1368 616 intenderit.

182 667 383 761 Tempore:
413 660 521 732 veluti
548 662 577 731 si
603 661 683 757 quis
708 669 790 730 ante
815 657 909 728 diem
936 659 992 730 vel
1020 669 1101 732 unte
1128 650 1407 732 condicionem

187 780 335 879 petierit.
367 807 429 871 que
451 787 573 850 ratione
596 783 681 846 euim
705 784 760 867 qui
784 782 906 846 tardius
930 782 1043 861 solvit,
1065 803 1162 868 quum
1187 779 1313 846 solvere
1331 775 1373 840 de·

188 897 294 976 beret,
315 895 423 958 minus
446 889 568 955 solvere
592 887 811 976 intellegitur,
833 888 944 954 eodem
963 891 1084 955 ustione
1102 891 1159 974 qui
1179 889 1375 975 praemature

188 1010 270 1092 petit
297 1003 370 1091 plus
399 1008 506 1090 petere
536 1002 672 1067 videtur.
720 992 821 1064 Loco
859 991 939 1089 pius
974 994 1123 1090 petitur,
1155 992 1272 1064 veluti
1304 1015 1375 1059 cum

77 1103 80 1110 “
188 1112 267 1208 quis
301 1108 357 1195 id,
393 1106 489 1206 quod
525 1116 622 1177 certo
657 1103 740 1175 ioco
777 1103 845 1175 sihi
879 1104 1064 1203 stipulatus
1097 1115 1171 1192 est,
1199 1103 1275 1175 elio
1305 1101 1378 1171 ioco

186 1224 274 1321 petit
304 1223 380 1292 sine
407 1218 738 1290 commemoratione
764 1217 859 1288 illius
884 1216 968 1303 ioci,
1000 1229 1035 1291 in
1059 1247 1120 1311 quo
1144 1226 1209 1291 sibi
1235 1225 1308 1289 dari
1331 1223 1379 1287 sti·

189 1344 318 1428 pulatus
348 1342 462 1406 fuerit:
496 1328 593 1402 verbi
628 1331 739 1428 gretie
774 1331 876 1416 siis,
904 1332 962 1427 qni
989 1333 1038 1401 ite
1065 1329 1256 1429 stipulatus
1281 1328 1382 1398 fuerit

192 1444 349 1542 »Ephesi
384 1443 468 1516 dere
504 1441 658 1541 spondes
668 1441 712 1530 Γ,
749 1443 887 1513 Romae
913 1447 1000 1542 pure
1025 1441 1185 1514 intendat
1212 1441 1296 1512 deri
1322 1439 1383 1511 sihi

190 1570 363 1658 oportere.
415 1555 497 1628 ideo
532 1567 647 1627 eutem
686 1555 765 1653 plns
795 1566 914 1654 petere
939 1556 1177 1656 intellegitur,
1205 1556 1292 1654 quin
1319 1555 1386 1625 uti·

188 1663 344 1757 litatem,
370 1659 476 1772 quom
502 1669 627 1741 hebuit
650 1671 864 1778 promissor,
891 1671 920 1740 si
946 1668 1082 1767 Ephesi
1107 1669 1282 1754 solveret,
1311 1667 1386 1738 adi-

192 1787 255 1854 mit
291 1786 323 1855 ei
361 1811 449 1882 pura
487 1779 701 1854 intentione:
745 1797 872 1876 propter
914 1812 1010 1879 quem
1052 1812 1181 1857 causum
1215 1791 1284 1856 alio
1321 1790 1385 1854 locu

192 1899 313 1986 petenti
349 1899 517 1964 arbitraris
551 1900 634 1964 ectio
669 1900 872 1982 proponitur,
908 1899 943 1961 in
972 1917 1035 1981 que
1066 1895 1187 1963 seilicet
1217 1898 1305 1961 ratio
1337 1897 1384 1960 hu-

190 2006 284 2070 betur
319 2004 488 2079 ut'litetis,
526 2024 606 2088 quus
642 2003 826 2089 promissori
861 2004 1072 2088 competitura
1106 2003 1236 2078 fuisset,
1272 2001 1301 2066 si
1333 2001 1385 2066 iilo
1415 2087 1416 2092 ἵ

191 2110 261 2175 loco
296 2108 442 2176 solveret.
487 2129 568 2193 quse
598 2109 724 2176 utilitas
759 2107 948 2194 plerumque
982 2110 1016 2173 in
1051 2109 1210 2174 mercibus
1243 2109 1385 2174 maxims

193 2216 365 2290 invenitur,
390 2214 492 2280 voluti
515 2214 591 2281 vino
611 2213 680 2280 oleo
703 2215 883 2291 frumento,
905 2235 984 2299 quse
1002 2235 1058 2300 per
1077 2214 1221 2304 singulos
1240 2214 1384 2302 regiones

193 2321 318 2388 diverse
345 2320 464 2386 hubent
495 2319 614 2405 pretia:
646 2320 699 2385 sed
733 2326 765 2384 et
793 2321 945 2405 pecunius
968 2326 1152 2387 numeratus
1173 2340 1238 2385 non
1263 2320 1298 2384 in
1323 2339 1382 2385 om·

192 2435 286 2500 nibus
316 2433 501 2521 regionibus
533 2433 593 2497 sub
624 2433 725 2502 isdem
758 2435 863 2499 usuris
893 2435 1084 2501 fenerentur.
1111 2425 1245 2522 siquis
1270 2434 1385 2495 tamen

192 2537 327 2637 Ephesi
363 2548 479 2636 petet,
509 2536 545 2606 id
581 2548 635 2608 est
669 2563 711 2608 eo
745 2536 827 2609 loeo
858 2549 974 2635 petet,
1009 2565 1080 2638 quo
1110 2549 1151 2609 ut
1182 2535 1253 2608 sibi
1287 2535 1385 2607 detur

193 2651 379 2748 stipulatus
404 2661 477 2735 est,
503 2677 589 2748 pure
616 2652 755 2722 actione
781 2662 878 2723 recte
903 2654 995 2751 egit:
1020 2661 1116 2747 idque
1140 2661 1240 2727 etism
1264 2667 1385 2747 praetor

195 2770 370 2849 monstret,
408 2763 530 2830 scilieet
560 2765 635 2850 quie
664 2765 789 2831 utilitas
821 2766 962 2833 solvendi
993 2765 1082 2833 selva
1111 2773 1159 2833 est
1190 2768 1383 2852 promissori.

195 2871 283 2935 Huic
309 2875 433 2948 sutem,
460 2869 514 2957 qui
537 2868 606 2936 loeo
628 2870 701 2958 plus
724 2875 831 2958 petere
860 2871 1076 2961 intellegitur,
1101 2873 1270 2958 proximus
1292 2879 1344 2939 est
1363 2874 1387 2938 is
1405 2895 1426 2937 u

193 2984 248 3070 qui
280 2978 386 3046 cause
421 2973 503 3072 pius
535 2976 642 3072 petit:
675 2986 714 3046 ut
744 3001 828 3048 ecce
855 2977 884 3047 si
910 2979 989 3075 quis
1015 2979 1064 3048 ite
1089 3003 1109 3048 e
1136 2988 1170 3049 te
1202 2977 1387 3075 stipulatus

191 3091 254 3161 sit:
286 3087 492 3168 »hominem
519 3087 682 3160 Stichum
708 3099 768 3160 out
791 3087 915 3161 decem
939 3120 1051 3166 eureos
1075 3090 1160 3162 dure
1173 3089 1334 3188 spondes
1345 3090 1389 3179 P,

194 3197 323 3272 deinde
353 3198 559 3270 alterutrum
584 3211 700 3298 petet,
727 3199 835 3272 veluti
860 3201 1039 3275 hominem
1065 3213 1201 3274 tentum
1228 3215 1292 3274 aut
1317 3203 1387 3274 de-

195 3340 273 3386 cem
300 3321 448 3383 tanturm.
498 3321 569 3389 ideo
600 3327 709 3389 eutem
733 3323 806 3409 pius
827 3331 933 3412 petere
956 3326 1171 3414 intellegitur,
1193 3317 1275 3411 'quie
1297 3327 1334 3390 in
1356 3347 1387 3392 eo

196 3449 311 3516 genere
335 3426 551 3512 stipulationis
573 3429 772 3515 promissoris
796 3435 845 3495 est
867 3430 996 3509 eiectio,
1021 3437 1130 3505 utrum
1153 3432 1329 3517 pecuniam
1353 3454 1386 3497 su

195 3535 359 3600 hominem
393 3533 514 3599 solvere
547 3533 656 3606 malit:
690 3537 745 3620 qui
774 3537 877 3624 igitur
907 3537 1076 3622 pecuniam
1104 3543 1234 3604 tentum
1259 3537 1314 3604 vel
1338 3537 1387 3602 ho

198 3641 318 3705 minem
353 3643 480 3704 tentum
515 3640 577 3705 sibi
613 3641 679 3705 dari
716 3649 858 3728 oportere
888 3643 1041 3718 intendit,
1074 3644 1169 3729 eripit
1201 3643 1386 3718 eiectionem

195 3745 373 3812 edversario
393 3749 425 3809 et
445 3765 481 3810 eo
501 3745 595 3810 modo
615 3767 707 3812 suam
726 3749 858 3833 quidem
878 3749 1044 3817 meliorem
1060 3750 1280 3816 condicionem
1292 3752 1384 3828 fecit,

194 3851 367 3920 adversarii
391 3871 465 3918 vero
489 3851 540 3918 sui
564 3851 762 3921 deteriorem.
