2916 4604
202 41 268 110 184
631 60 715 127 1111.
738 42 794 110 ΠΙ.
819 61 853 110 11.
876 43 1021 129 §55-8.

200 233 384 322 proximum
417 241 526 321 vocet,
552 239 661 302 tamen
691 235 826 302 dubium
856 256 919 301 non
949 240 1014 316 est,
1046 237 1123 321 quin
1146 242 1194 315 et,
1221 239 1248 303 si
1272 237 1365 323 plures

201 343 265 406 sint
287 341 428 408 ciusdem
452 342 586 430 gradus,
612 363 720 408 omnes
743 342 971 408 admittantur:
992 363 1069 408 nam
1088 349 1120 410 et
1137 347 1369 431 proprieprori·

200 469 274 513 mus
297 469 336 514 ex
361 447 507 533 pluribus
529 450 681 537 gradibus
700 447 901 536 intellegitur
919 453 951 514 et
967 453 1076 516 tamen
1093 450 1229 518 dubium
1240 457 1367 528 nonest,

201 557 294 640 quin,
318 553 393 620 licet
416 576 499 621 unus
522 558 565 622 sit
586 556 704 644 gradus
728 555 957 644 adgnatorum,
982 559 1138 642 pertineat
1158 558 1199 624 ad
1222 580 1274 626 eos
1291 559 1370 625 herc-

201 661 294 727 ditas.
328 661 499 728 Proximus
523 668 649 746 autem,
673 663 701 728 si
724 661 853 747 quidem
873 661 963 728 nullo
980 668 1171 732 testamento
1190 665 1274 732 facto
1293 669 1388 750 quis-s

202 789 263 853 que
294 767 475 846 decesserit,
507 790 563 855 per
584 769 644 835 hoc
667 774 795 853 tempus
816 771 1005 854 requiritur,
1030 791 1092 855 quo
1115 776 1260 837 mortuns
1283 777 1329 837 111
1348 775 1372 836 11

203 876 293 941 cuius
321 875 359 939 de
390 875 564 942 hereditate
595 878 766 961 quaeritur.
815 875 899 961 quod
924 878 952 941 11
974 878 1058 942 facto
1083 882 1273 944 testamento
1296 881 1371 964 quis·

202 1002 297 1067 quam
329 981 514 1058 decesserit,
545 1003 600 1066 per
631 984 691 1048 hoc
717 986 845 1068 tempus
866 985 1057 1068 requiritur,
1083 1005 1144 1068 quo
1168 990 1291 1050 certum
1314 1007 1373 1050 esse

201 1090 337 1174 coeperit
366 1087 494 1154 nullum
525 1109 563 1154 ex
587 1093 777 1156 testamento
800 1087 947 1156 heredem
971 1095 1174 1156 extaturum:
1199 1095 1271 1156 tum
1294 1095 1372 1156 enim

200 1196 326 1281 proprie
356 1197 488 1280 quisque
516 1195 717 1283 intellegitur
738 1198 908 1262 intestatus
932 1196 1110 1263 decessisse.
1147 1197 1230 1283 quod
1252 1198 1376 1283 quidem

202 1300 369 1387 aliquando
402 1300 498 1389 longo
532 1307 674 1387 tempore
707 1301 901 1368 declaratur:
934 1306 968 1368 in
1001 1325 1063 1390 quo
1094 1306 1196 1389 spatio
1227 1307 1375 1390 temporis

201 1429 293 1493 saepe
316 1408 432 1473 accidit
471 1414 509 1474 ut
530 1411 723 1494 proximiore
741 1414 868 1475 mortuo
885 1413 1050 1495 proximus
1070 1431 1136 1476 esse
1156 1411 1305 1495 incipiat,
1326 1413 1377 1494 qui

199 1517 355 1582 moriente
383 1520 532 1581 testatore
562 1537 625 1581 non
655 1520 724 1581 erat
752 1518 925 1600 proximus.
971 1515 1124 1583 Placebat
1155 1522 1261 1582 autem
1285 1519 1319 1580 in
1340 1536 1395 1580 eor

200 1643 314 1711 genere
344 1623 617 1707 percipiendarum
648 1623 864 1688 hereditatum
895 1626 1124 1690 successionem
1156 1644 1217 1689 non
1242 1643 1321 1700 esse,
1343 1623 1376 1686 id

201 1732 325 1812 estut,
349 1732 496 1813 quamvis
519 1732 700 1816 proximus,
725 1732 780 1815 qui
804 1731 978 1796 secundnm
1001 1751 1038 1796 11
1061 1751 1141 1814 quae
1165 1730 1306 1794 diximus
1325 1750 1375 1793 vo

200 1842 290 1900 catur
322 1834 362 1899 ad
388 1835 614 1914 hereditatem,
640 1842 697 1902 aut
721 1839 876 1923 spreverit
898 1837 1108 1903 hereditatem
1132 1842 1187 1902 aut
1210 1840 1372 1920 antequam

201 1942 293 2007 adeat
323 1942 506 2027 decesserit,
537 1942 639 2008 nihilo
668 1945 775 2031 magis
806 1942 955 2030 legitimo
984 1944 1054 2007 iure
1078 1947 1242 2029 sequentes
1264 1943 1373 2006 admit

201 2045 359 2132 tuntur.1)
406 2049 489 2133 quod
507 2051 625 2116 iterum
644 2055 802 2136 praetores
820 2049 1005 2135 imperfecto
1025 2051 1095 2116 iure
1112 2052 1303 2137 corrigentes
1315 2069 1372 2112 non

199 2156 234 2218 in
253 2158 358 2219 totum
376 2156 442 2219 sine
462 2155 655 2222 adminiculo
674 2157 913 2242 relinquebant,
933 2156 986 2223 sed
999 2177 1038 2221 ex
1051 2162 1258 2244 cognatorum
1269 2156 1371 2220 ordine

201 2281 252 2326 111
274 2260 445 2339 vocabant,
472 2267 582 2347 utpote
602 2264 802 2351 adgnationis
825 2265 895 2328 iure
919 2265 964 2328 eis
986 2262 1120 2329 recluso.
1155 2262 1209 2327 scd
1229 2261 1373 2328 nosnihil

202 2367 307 2433 deesse
341 2366 569 2453 perfectissimo
605 2371 669 2434 iuri
698 2372 860 2455 cupientes
891 2375 997 2436 nostra
1028 2370 1253 2436 constitutione
1277 2370 1371 2433 sanni·
1442 2379 1443 2382 ’

200 2494 292 2552 mus,
324 2492 420 2558 quam
452 2473 490 2540 de
513 2477 582 2540 iure
604 2480 789 2560 patronatus
812 2478 1013 2542 humanitate
1036 2481 1226 2564 suggerente
1249 2473 1373 2561 protuli·

200 2601 287 2660 mue,
320 2583 548 2648 successionem
577 2584 613 2646 in
647 2582 859 2670 adgnatorum
890 2584 1120 2650 hereditatibus
1150 2604 1213 2648 non
1244 2603 1308 2647 1111
1330 2583 1370 2646 eis

201 2687 439 2773 denegandam,
475 2709 549 2753 cum
574 2690 651 2754 satis
675 2689 848 2756 absurdum
873 2696 956 2767 1111,
980 2690 1063 2776 quod
1085 2690 1229 2776 cognatis
1253 2709 1271 2754 a
1292 2708 1370 2773 prae·

200 2798 267 2858 tore
291 2798 436 2878 apertum
460 2799 525 2872 est,
549 2795 609 2860 1111
633 2795 780 2883 adgnatie
802 2818 868 2863 esse
892 2797 1069 2875 reclusum,
1094 2797 1232 2861 maxime
1253 2816 1324 2860 curn
1340 2795 1370 2857 in

201 2919 293 2964 onere
316 2899 446 2985 quidem
469 2901 645 2966 tutelarum
669 2913 701 2967 et
724 2905 828 2989 primo
850 2903 953 2992 gradu
976 2902 1139 2969 deficiente
1162 2924 1294 2988 sequens
1311 2923 1371 2967 suc-

201 3005 285 3071 cedit
308 3010 352 3084 et,
377 3006 461 3091 quod
480 3009 514 3072 in
538 3029 630 3074 onere
650 3011 830 3096 optinebat,
851 3032 914 3078 non
932 3015 998 3076 1111
1017 3013 1051 3076 in
1070 3009 1158 3077 lucro
1176 3013 1371 3096 permissum.

245 3111 296 3176 Ad
326 3111 506 3200 legitimam
536 3118 763 3182 successionem
794 3117 896 3183 nihilo
919 3119 1027 3183 minus
1049 3122 1181 3183 vocatur
1204 3119 1302 3182 etiam
1322 3137 1388 3202 pas
1442 3121 1443 3162 ῑ

201 3240 287 3304 rens,
312 3222 367 3305 qui
390 3224 550 3286 contracta
569 3219 685 3287 fiducia
703 3221 808 3288 filium
825 3222 879 3290 vel
898 3221 1014 3303 filiam,
1028 3229 1176 3309 nepotem
1188 3223 1242 3290 vel
1252 3227 1371 3309 neptem
1444 3291 1445 3310 ,

201 3346 236 3391 ac
261 3325 406 3413 deinceps
430 3329 618 3413 emancipat.
654 3330 737 3413 quod
760 3351 799 3394 ex
822 3335 929 3396 nostra
953 3333 1178 3396 constitutione
1199 3329 1371 3396 omnimodo
1444 3327 1445 3330 ’

200 3434 378 3518 inducitur,
407 3438 445 3499 ut
475 3435 742 3520 emancipationes
770 3436 942 3502 liberorum
974 3457 1097 3521 semper
1119 3437 1287 3502 videantur
1308 3456 1370 3500 con-
1409 3519 1413 3528 ,

154 3562 156 3566 ’
201 3545 302 3608 tracta
323 3539 438 3607 fiducia
461 3539 544 3620 fieri,
566 3563 639 3607 cum
659 3541 743 3628 apud
763 3545 909 3628 antiquos
927 3564 990 3609 non
1009 3542 1102 3610 aliter
1119 3543 1179 3609 hoc
1199 3544 1368 3629 optinebat,

141 3633 143 3638 ⁵
200 3649 263 3713 nisi
285 3647 464 3732 specialiter
487 3653 645 3714 contracta
668 3647 783 3715 fiducia
805 3671 917 3735 parens
941 3651 1191 3716 manumisisset.

234 4095 262 4166 1)
282 4095 323 4150 11.
345 4081 514 4153 1111111.
536 4096 633 4166 1111,
654 4097 1372 4171 11,1111111111111111111111111111.
