2922 4602
495 75 550 124 cn
572 58 613 123 11.
637 1 876 143 §troo-108.
1224 61 1267 128 cr

78 246 461 333 testamentumufaoere
492 247 609 330 possis,
641 247 816 312 secundum
839 245 946 334 legem
969 249 1150 334 publicam,
1174 249 1234 314 hoc
1255 251 1261 337 Ι
1328 249 1371 316 79

79 352 209 435 [a]ere‚
235 387 278 399 -
302 355 334 416 et
356 356 394 415 nt
417 351 550 436 qnidam
574 351 734 430 adiciunt,
760 389 803 400 -
828 356 986 437 aeneaque
1005 353 1088 421 libra
1112 359 1178 421 esto
1197 346 1295 435 mi-la
1335 343 1406 425 wa)

79 456 123 520 hi
158 456 299 541 empta’':
331 454 444 521 deinde
468 476 538 520 aere
561 458 699 540 percutit
722 456 857 542 libram,
881 458 976 543 idque
1000 463 1082 543 [c]es
1106 461 1161 526 dat
1180 463 1185 546 Ι
1207 467 1264 527 tes
1277 483 1326 539 aa

66 562 188 642 „tatori
216 560 307 626 velut
329 563 427 646 pretii
449 559 535 625 loco:
561 561 674 626 deinde
698 566 830 627 testator
852 562 978 628 tabulas
1001 568 1200 644 tetstamenti
1223 573 1292 632 te-r·

79 686 167 731 nens
188 668 236 731 ita
258 667 353 731 dicit:
375 663 381 750 Ι

135 773 235 849 „haec
267 775 314 836 ita
333 775 384 834 uti
402 772 437 835 in
458 771 510 835 his
533 771 653 837 tabulis
677 770 835 861 cerisve1)
861 774 978 858 scripta
1001 781 1092 861 sunt,
1113 777 1186 861 ital
1207 779 1261 855 (10,
1277 797 1327 856 ar

80 879 137 942 ita
167 877 257 964 lego,
290 879 337 940 ita
366 880 483 948 testor,
514 879 622 961 itaque
651 897 725 962 vos,
750 877 904 957 Quirites,
929 875 1164 968 testimolnium
1185 883 1294 949 mihis

81 980 323 1067 perhibetote'¹:
355 986 387 1045 et
416 981 476 1046 hoc
508 982 626 1048 dicitur
649 987 860 1069 nuncupatim
883 987 1090 1070 lnnncupare
1112 993 1161 1052 est
1182 991 1294 1053 enimc

83 1087 201 1172 palam
231 1088 396 1152 nominare
403 1105 412 1164 ;
445 1093 477 1151 et
509 1107 583 1152 sane
613 1096 704 1176 qntae
736 1094 868 1154 testator
890 1090 1069 1175 specialiter
1090 1095 1125 1157 in
1148 1093 1268 1158 tabulis
1280 1114 1306 1158 ro

83 1195 279 1258 testamenti
309 1193 497 1285 scriptserit,
527 1213 563 1258 ea
585 1193 714 1259 ridetur
737 1195 879 1282 generali
901 1216 1043 1261 sermone
1066 1199 1256 1283 nominaret
1277 1220 1301 1263 n

1 1299 74 1380 05)
90 1303 192 1382 atque
215 1294 409 1362 confirmare.
434 1335 476 1346 —
500 1297 696 1364 intestibus
719 1306 828 1365 antem
850 1321 914 1365 non
938 1301 1081 1366 debetis
1105 1323 1191 1380 esse,
1213 1306 1308 1388 quire

84 1406 126 1468 in
148 1401 153 1490 Ι
174 1407 330 1487 potestate
357 1407 405 1467 est
437 1408 493 1468 aut
528 1403 672 1469 familiae
695 1407 848 1490 emptoris
871 1411 928 1470 ant
950 1408 1051 1491 ipsius
1075 1411 1353 1507 tetstatoris,1a‚1s

84 1515 221 1594 propter
254 1509 371 1572 veteris
405 1509 486 1573 iuris
518 1509 749 1587 imitationem
783 1511 898 1595 quia²t
920 1511 926 1596 Ι
946 1515 1053 1576 totum
1083 1511 1143 1577 hoc
1174 1533 1307 1599 nego-rr

86 1617 196 1687 tium,
219 1611 303 1697 qnod
327 1613 436 1699 agitur
457 1617 643 1678 testamenti
662 1615 858 1699 or[di]nandi
877 1609 1011 1702 graltia,
1032 1616 1170 1682 creditur
1188 1620 1272 1682 inter
1284 1638 1310 1682 so

88 1717 236 1785 familiae
256 1722 434 1801 emptorem
454 1721 508 1805 agi
529 1723 562 1783 et
581 1723 791 1818 te'statorem3
814 1723 932 1806 quippe
953 1721 1050 1800 olim,
1068 1727 1106 1786 nt
1128 1725 1310 1807 proximor-r

88 1825 253 1906 diximus,
277 1825 322 1904 is,
346 1825 403 1907 qni
422 1821 590 1914 falmiliam
608 1827 770 1890 testatoris
788 1827 947 1910 mancipio
968 1828 1163 1912 accipiebat,
1183 1828 1271 1892 here
1283 1848 1309 1892 aa

89 1930 144 1995 dis
175 1928 244 1994 loco
265 1929 270 2011 Ι
291 1933 374 2006 erat;
407 1930 515 2012 itaque
544 1929 751 2012 reprobatum
782 1936 830 1996 est
858 1933 895 1994 in
926 1952 963 1997 ea
992 1953 1027 1997 re
1058 1933 1270 1999 domesticum
1283 1952 1309 1997 o

3 2037 73 2124 06)
90 2035 338 2110 telstimoninm.
385 2032 477 2099 Unde
500 2036 616 2110 etiam,
643 2037 671 2100 si
693 2038 739 2113 is,
764 2039 877 2121 quiin
899 2041 1055 2122 potestate
1073 2041 1173 2122 patris
1190 2045 1268 2137 est}
1282 2058 1309 2102 so

90 2139 239 2206 familiae
263 2143 387 2223 emptor
399 2138 561 2204 adbibitus
581 2141 642 2224 sit,
661 2146 752 2225 pater
771 2143 840 2206 eins
858 2145 949 2207 testis
961 2163 1028 2208 esse
1048 2142 1054 2228 Ι
1072 2149 1267 2227 nonpotest3
1280 2164 1317 2227 n,
1328 2163 1355 2208 aa

91 2268 131 2313 ac
161 2265 200 2309 ne
231 2247 259 2308 is
289 2244 438 2328 quidem,
468 2246 523 2328 qni
553 2247 587 2308 in
618 2245 729 2310 eadem
759 2252 916 2332 potestate
936 2248 942 2332 Ι
962 2254 1028 2331 est,
1059 2248 1149 2313 velut
1175 2248 1310 2313 fraterna

92 2353 182 2429 eins3
215 2357 245 2417 et
258 2351 285 2429 ³)
316 2352 344 2414 si
375 2348 461 2414 filius
483 2348 624 2414 familias
647 2371 686 2415 ex
709 2355 859 2417 castrensi
882 2351 1007 2437 peculio
1031 2358 1102 2438 post
1122 2356 1128 2436 Ι
1147 2356 1311 2418 missiost

90 2478 171 2542 nem
193 2456 288 2520 faciat
312 2457 542 2519 testamentum
564 2475 622 2548 nec
644 2460 735 2540 pater
758 2459 827 2521 eins
850 2462 934 2522 recte
958 2460 1077 2533 testistt
1091 2459 1276 2542 adhibetur,
1334 2457 1378 2524 80

4 2566 75 2651 07)
89 2583 152 2628 nec
182 2548 230 2637 is,
262 2562 318 2644 qui
348 2562 383 2624 in
411 2565 567 2644 potestate
597 2563 697 2644 patris
727 2569 770 2626 eat
782 2563 819 2646 ⁴).
867 2562 915 2627 De
935 2562 1119 2648 librilpende
1143 2564 1298 2643 eadem‚a
1321 2549 1416 2634 mm)

93 2689 178 2754 qnae
202 2671 234 2732 et
257 2664 295 2730 de
319 2665 455 2730 testibus
478 2665 564 2731 dicta
587 2686 654 2730 esse
679 2666 934 2754 intelletgemus,
952 2688 1027 2732 nam
1046 2673 1079 2733 et
1097 2671 1126 2733 is
1144 2673 1301 2758 testiump

6 2776 76 2858 08)
91 2791 228 2838 numero
252 2773 309 2834 est.
356 2769 387 2834 Is
407 2790 498 2854 vero,
523 2773 579 2854 qui
602 2773 636 2834 in
656 2772 661 2855 Ι
681 2777 837 2856 potestate
859 2773 985 2838 heredis
1008 2778 1064 2838 aut
1076 2775 1104 2858 ⁵)
1126 2773 1301 2862 legatariit

89 2880 159 2950 est,
190 2876 322 2940 cuiusve
343 2875 435 2940 heres
457 2873 532 2960 iptse
556 2882 613 2941 ant
635 2875 811 2963 legatarius
832 2879 867 2941 in
890 2883 1046 2963 potestate
1069 2884 1133 2958 est,
1159 2883 1301 2966 quiqueo

94 2983 133 3046 in
156 2979 298 3044 eiusdem
319 2979 324 3063 Ι
344 2983 500 3064 potestate
524 2985 590 3065 est,
614 2982 691 3046 adeo
713 2984 804 3047 testis
823 2988 855 3047 et
875 2982 1028 3068 libripens
1048 2985 1192 3050 adhiberi
1211 2985 1301 3071 po-lc

95 3090 178 3163 test,
214 3089 252 3149 nt
281 3086 350 3170 ipse
383 3106 507 3172 quoque
538 3087 628 3152 heres
661 3093 717 3152 aut
747 3087 923 3175 legatarius
952 3091 1022 3154 iure
1054 3090 1271 3180 adhibebatun
1284 3113 1334 3169 aa
1419 3174 1422 3180 Ι

96 3191 154 3258 sed
170 3194 296 3274 tamen,
316 3191 400 3275 quod
420 3191 460 3256 ad
477 3191 626 3257 heredem
646 3194 801 3278 pertinet,
823 3196 941 3279 quique
959 3196 994 3259 in
1006 3197 1074 3260 eius
1095 3195 1100 3281 Ι
1120 3202 1301 3283 potestateo

96 3301 162 3381 est,
176 3297 559 3382 cuiusveisinpotestate
571 3299 642 3375 erit,
654 3299 790 3363 minime
810 3298 816 3384 Ι
836 3297 977 3364 hocinre
990 3301 1040 3365 uti
1052 3300 1214 3367 debemus.
1236 3303 1241 3386 Ι
1274 3325 1300 3370 rc

129 3531 160 3598 ¹⁶)
182 3543 264 3596 apag.
282 3525 399 3582 interior
416 3526 503 3582 facill.
522 3526 654 3598 legitur”.
688 3533 691 3542 '

132 3617 164 3688 1)
183 3615 213 3671 (i.
233 3616 365 3686 cerisque.

132 3707 164 3778 2)
183 3706 217 3760 In
236 3706 297 3762 cod.
317 3710 379 3780 quia
396 3705 502 3778 legitur
518 3705 593 3762 inter
611 3709 739 3762 testatoris
758 3710 788 3763 et
802 3719 918 3780 propter.

131 3797 163 3866 3)
184 3795 214 3850 G.
234 3795 292 3851 sed.

132 3886 175 3959 **Ι
195 3903 277 3956 »pap
297 3885 417 3941 exterior
435 3883 567 3940 facillime
585 3885 717 3957 legitur”.

133 3977 166 4046 4)
187 3974 232 4030 Oc
251 3973 296 4031 sit.

133 4065 167 4134 5)
185 4064 238 4136 (in)
257 4065 288 4119 G.
