2894 4616
610 31 695 97 tter.
718 12 780 116 Ν,
803 31 869 98 xri.
893 14 930 118 §5
952 15 1052 98 2-4.

282 756 333 831 Et
358 760 387 830 si
412 783 533 832 rursus
558 785 600 832 cn
623 759 736 856 primu
763 760 855 832 socie
880 763 971 832 iustu
997 759 1175 847 videatur,
1198 758 1259 831 sed
1278 771 1397 856 propono

235 872 389 972 aliquam
425 898 566 946 causam
600 873 720 972 inique
754 876 864 946 actori
895 887 1039 968 noceat,
1063 901 1185 944 rursus
1211 870 1378 970 allegatione

235 986 304 1058 alie
323 1014 412 1085 opus
434 999 503 1074 est,
526 1012 596 1085 qua
617 997 718 1057 ector
737 985 941 1074 adiuvetur,
963 1013 1054 1086 quae
1075 987 1206 1059 dicitur
1222 986 1379 1082 triplicatio.

233 1103 392 1195 Quarum
413 1103 570 1173 omnium
591 1101 835 1198 exceptionum
856 1129 956 1173 usum
970 1101 1146 1173 interdum
1159 1101 1299 1172 ulterius
1310 1127 1399 1199 quent

233 1215 385 1288 diximus
410 1217 562 1286 varietas
590 1215 813 1312 negotiorum
838 1214 1053 1289 introducit:
1072 1245 1149 1310 ques
1162 1244 1270 1288 omnes
1281 1227 1381 1308 apertu

235 1355 273 1399 cx
296 1330 408 1398 latiore
432 1332 631 1420 digestorum
654 1328 819 1395 volumine
841 1329 934 1396 focile
959 1335 1007 1396 est
1035 1327 1233 1418 cognoscere.

279 1439 487 1525 Exceptiones
527 1438 656 1520 cutem,
692 1436 807 1522 quibus
842 1436 966 1503 debitor
1000 1437 1197 1522 detenditur,
1235 1435 1397 1521 plernuqnon

235 1544 468 1612 accommodari
498 1543 601 1609 solent
631 1546 728 1609 etiem
759 1543 996 1611 fideiussoribus
1025 1546 1108 1610 eius:
1141 1551 1173 1611 et
1204 1549 1301 1622 recte,
1322 1545 1383 1628 quin,

234 1653 318 1740 quod
354 1653 392 1716 cb
424 1650 474 1714 hie
504 1652 640 1734 petitur,
672 1649 705 1714 id
734 1651 773 1716 cb
803 1653 872 1737 ipso
902 1651 1043 1717 debitore
1073 1653 1139 1736 peti
1169 1650 1311 1726 videtur,
1337 1651 1383 1734 quin

234 1758 378 1825 mandeti
408 1755 529 1821 iudicio
557 1754 740 1820 redditurus
773 1762 821 1822 eet
851 1760 914 1832 cie,
946 1757 1029 1844 quod
1059 1757 1095 1822 hi
1121 1777 1178 1842 pro
1203 1777 1239 1822 co
1263 1757 1383 1822 eolncn'nt.
1414 1791 1415 1816 n

233 1887 296 1951 quc
326 1867 448 1930 ratione
476 1867 508 1929 et
531 1865 559 1928 ei
582 1862 621 1927 dc
643 1882 706 1927 non
729 1863 864 1948 petenda
885 1863 1019 1949 pecunie
1041 1870 1152 1949 pectus
1178 1864 1252 1950 quie
1273 1883 1337 1928 cum
1353 1881 1384 1925 nen

233 1970 346 2047 fuerit,
371 1967 493 2055 placuit
515 1969 645 2054 proinde
669 1971 917 2035 succurrendum
942 1991 1008 2036 ecee
1031 1991 1087 2056 per
1105 1972 1320 2055 exceptionem
1330 1970 1385 2053 pecti

232 2078 380 2143 conventi
402 2075 469 2142 illio
492 2096 633 2162 quoquc,
658 2077 714 2160 qui
737 2096 794 2161 pro
816 2097 853 2142 eo
875 2075 1013 2164 obligati
1037 2083 1155 2153 essent,
1183 2096 1222 2141 ec
1246 2077 1273 2140 ei
1295 2081 1322 2140 et
1336 2094 1383 2139 cnn

231 2184 309 2270 ipeie
337 2187 448 2268 pactus
472 2188 570 2266 esset,
600 2203 639 2248 nc
661 2183 701 2248 ab
725 2184 771 2248 cie
792 2203 829 2249 ce
852 2185 987 2268 pecunie
1009 2187 1183 2268 peteretur.
1231 2202 1303 2247 sene
1323 2200 1384 2264 queo
1415 2177 1416 2188 ’

232 2289 306 2356 dem
346 2292 544 2376 exceptiones
588 2309 651 2355 non
691 2290 794 2354 solent
835 2289 887 2354 hie
928 2289 1172 2355 accommodari.
1231 2309 1301 2354 ecce
1329 2287 1385 2352 enim

232 2396 355 2462 debitor
388 2397 416 2462 ei
448 2397 537 2462 bonis
567 2397 634 2462 euie
666 2398 794 2462 cesserit
827 2401 859 2461 et
890 2417 964 2462 cum
993 2416 1029 2463 eo
1060 2396 1201 2462 creditor
1225 2397 1385 2480 experietu¹

231 2501 409 2568 defenditur
450 2525 506 2588 per
548 2505 765 2588 exceptionem
802 2503 886 2580 „niei
921 2503 1012 2568 bonis
1047 2501 1219 2567 ceeeerit”:
1257 2502 1308 2568 ced
1335 2501 1385 2564 haec

229 2611 371 2694 exceptio
402 2606 639 2674 fideiussoribus
670 2629 732 2673 non
762 2607 871 2684 detur,
903 2608 1024 2674 scilicet
1051 2607 1122 2672 idco
1143 2609 1243 2692 quie,
1266 2609 1317 2692 qui
1334 2605 1386 2671 elion
1416 2661 1417 2670 ,

229 2735 286 2800 pro
318 2716 459 2782 debitore
489 2715 627 2803 obliget,
661 2715 721 2780 hoc
749 2717 892 2781 maxime
913 2717 1082 2801 prospicit,
1107 2717 1159 2790 ut,
1188 2735 1265 2778 cum
1289 2711 1386 2778 focnlte·

228 2821 315 2885 tibus
343 2821 451 2916 lupeno
478 2822 575 2886 fuerit
598 2821 735 2898 debitor,
759 2825 859 2908 possit
883 2824 921 2888 ab
944 2822 996 2886 hie
1019 2841 1096 2907 quoe
1119 2840 1178 2905 pro
1203 2841 1242 2887 eo
1265 2819 1386 2906 obligent

229 2946 323 2991 suum
347 2930 505 3011 consequi.
