2916 4604
218 47 281 112 190
599 70 683 118 rosr.
705 51 762 117 ΙΙΙ.
786 71 830 120 vr.
857 51 893 137 ξς
911 51 1033 117 taio.

215 223 435 306 convenienter
449 241 644 328 'propatruus
668 247 825 328 proamita
850 281 890 292 -
915 245 949 308 id
972 250 1020 309 est
1043 245 1153 329 proavi
1175 241 1270 307 frater
1287 247 1316 305 et
1332 261 1371 306 so·

212 367 265 412 ror
289 385 350 426 -,
374 349 608 434 proavunculus
630 355 858 434 promatertera
882 389 923 398 —
948 351 981 414 id
1006 355 1053 414 est
1075 353 1223 434 proaviae
1242 349 1330 412 frater
1347 353 1373 410 st

214 469 300 520 soror
325 495 384 531 -,
409 458 487 519 item
518 456 625 520 fratris
651 456 804 540 patruelis
828 459 941 522 sororis
963 456 1134 540 patruelis,
1159 456 1329 520 consobrini
1348 461 1374 517 et

213 562 427 639 consobrinae,
461 565 588 627 amitini
619 565 770 628 amitinae
794 561 879 627 filius
902 562 985 637 filia,
1009 565 1151 648 proprior
1175 561 1315 626 sobrinus
1336 581 1374 624 so

212 665 304 732 brine
327 705 369 716 --
393 668 428 731 hi
451 674 526 733 sunt
547 671 652 754 patrui
674 672 786 756 magni
809 673 923 734 amitae
947 690 1082 756 magnas
1106 666 1255 733 avunculi
1275 669 1375 752 magni

212 779 400 839 materterae
427 796 562 862 magnae
586 773 671 838 filius
694 774 760 839 filia
784 813 849 842 -.
874 775 970 841 Serto
993 776 1094 863 gradu
1118 779 1192 838 sunt
1214 793 1306 858 supra
1328 775 1393 835 tri-e

212 886 306 946 tavus
344 885 491 959 tritavia,
527 882 609 946 infra
642 885 782 967 trinepos
817 885 979 968 trineptis,
1013 905 1051 948 ex
1082 888 1259 946 transverso
1282 879 1377 942 fratris

211 990 385 1073 sororisque
421 989 557 1072 abnepos
591 990 734 1075 abneptis
758 996 790 1055 et
812 994 1034 1056 convenienter
1057 991 1229 1074 abpatruus
1250 989 1378 1052 abamita

219 1095 318 1158 -id
353 1100 400 1160 est
434 1095 527 1159 abavi
561 1095 656 1160 irater
692 1102 724 1160 et
753 1117 838 1162 soror
863 1135 903 1146 -
930 1095 1146 1163 abavvmculus
1178 1095 1378 1160 abmatertera

213 1237 256 1250 —-·
279 1201 314 1265 id
341 1207 389 1266 est
419 1201 550 1268 abaviae
572 1202 669 1266 frater
691 1207 723 1266 et
746 1223 833 1268 soror
856 1241 916 1287 -,
941 1206 1020 1268 item
1044 1203 1164 1267 sobrini
1185 1202 1380 1282 sobrinaeque

213 1343 256 1354 -
279 1306 314 1372 id
337 1311 384 1372 est
409 1311 464 1392 qui
484 1329 604 1393 quaeve
627 1330 667 1372 ex
689 1309 840 1374 fratribus
860 1309 913 1375 vel
936 1310 1095 1376 sororibus
1117 1307 1314 1394 patruelibus
1335 1305 1381 1370 vel

212 1413 405 1480 consobrinis
430 1413 483 1479 vel
505 1414 648 1478 amitinis
670 1425 919 1502 progenerantur
943 1453 1006 1479 -.
1031 1415 1194 1480 Hactenus
1216 1413 1396 1481 ostendisset

212 1518 347 1584 sufficiet
369 1521 639 1604 quemadmodum
658 1522 781 1608 gradus
794 1524 991 1610 cognationis
1011 1527 1228 1587 numerentur.
1252 1539 1382 1604 namque

214 1646 252 1689 ex
283 1626 334 1690 his
362 1626 469 1711 palam
501 1633 549 1692 est
579 1628 782 1715 intellegere,
811 1630 1081 1714 quemadmodum
1106 1628 1241 1692 ulterius
1264 1647 1380 1712 quoque

213 1733 330 1818 gradus
363 1754 537 1806 numerare·
564 1735 731 1800 debemus:
768 1738 885 1820 quippe
918 1757 1042 1820 semper
1075 1739 1226 1822 generata
1249 1753 1383 1818 quaeque

214 1857 345 1922 persona
368 1839 505 1926 gradum
529 1840 661 1916 adiciat,
686 1846 723 1906 ut
746 1841 841 1928 longe
863 1842 988 1906 facilius
1010 1845 1052 1905 sit
1071 1841 1272 1925 respondere,
1295 1844 1383 1923 quoto

215 1947 346 2028 quisque
366 1945 468 2032 gradu
487 1948 547 2030 sit,
571 1967 667 2031 quarn
689 1951 815 2032 propria
837 1950 1033 2034 cognationis
1053 1946 1264 2031 appellatione
1283 1966 1384 2030 quem·

215 2069 310 2132 quam
342 2052 497 2116 denotare.
544 2053 755 2139 Adgnationis
785 2073 908 2138 quoque
938 2053 1056 2140 gradm
1080 2054 1189 2118 eodem
1214 2054 1398 2117 medones

210 2161 381 2222 merantur.
430 2157 492 2222 seu
512 2179 586 2222 cum
610 2161 713 2245 magis
737 2162 854 2224 veritas
877 2159 1003 2224 oculata
1026 2158 1087 2224 fide
1106 2179 1203 2244 quam
1222 2179 1279 2242 per
1299 2176 1398 2222 aureas

211 2265 326 2328 animis
349 2265 516 2330 hominurn
539 2264 700 2352 infigitur,
726 2265 796 2336 ideo
819 2269 1030 2330 necessarium
1055 2267 1208 2330 duximus
1230 2270 1303 2348 post
1322 2284 1384 2326 nar-

211 2373 366 2456 rationem
396 2370 556 2458 graduum
585 2375 684 2436 etiam
705 2391 756 2436 eos
777 2375 934 2455 praesenti
957 2372 1038 2436 libro
1062 2373 1211 2448 inscribi,
1237 2375 1384 2456 quatenus

208 2479 328 2561 possint
364 2484 396 2542 et
430 2478 559 2542 auribus
594 2482 626 2542 et
654 2480 847 2563 inspectione
878 2477 1093 2544 adulescentes
1124 2478 1383 2563 perfectissimam

208 2583 367 2669 marinum
390 2584 566 2648 doctrinam
589 2583 732 2668 adipisci.

253 2688 339 2755 Illud
363 2695 486 2754 certum
509 2695 557 2754 est
580 2690 619 2754 ad
646 2688 776 2756 serviles
795 2693 997 2778 cognationes
1017 2690 1108 2756 illam
1127 2696 1253 2776 partem
1275 2689 1406 2768 edicti,u

208 2815 270 2878 qua
299 2797 516 2880 proximitatis
546 2799 674 2860 nomine
703 2796 857 2861 bonorum
890 2799 1042 2882 possessio
1074 2800 1295 2882 promittitur,
1330 2816 1383 2859 non

209 2904 381 2985 pertinere:
413 2923 488 2980 nam
519 2922 576 2965 nec
603 2900 670 2965 ulla
702 2905 833 2986 antiqua
864 2902 934 2990 lege
958 2903 1032 2968 talis
1056 2906 1204 2990 cognatio
1227 2909 1383 2987 computa·

209 3007 312 3071 batur.
348 3008 403 3071 sed
426 3012 532 3071 nostra
557 3009 799 3085 constitutione,
824 3030 919 3093 quam
942 3030 998 3093 pro
1024 3012 1092 3074 iure
1112 3015 1300 3094 patronatus
1319 3009 1383 3072 leoi-

208 3134 281 3176 mus
305 3151 346 3160 —
370 3113 454 3198 quod
478 3115 646 3197 lususque
667 3113 705 3177 ad
726 3119 832 3178 nostra
852 3120 993 3198 tempore
1013 3118 1089 3180 satis
1110 3117 1282 3181 obscurum
1297 3121 1382 3198 atque

209 3218 292 3282 nube
321 3218 451 3302 plenum
482 3224 514 3282 et
547 3219 686 3303 undique
718 3221 884 3285 confusum
911 3221 1014 3286 fuerat
1038 3260 1077 3269 —
1104 3227 1136 3286 et
1159 3222 1219 3286 hoo
1242 3223 1382 3285 humani-

210 3329 275 3388 tate
298 3330 489 3411 suggerente
513 3327 739 3409 concessimus,
759 3332 797 3391 ut
818 3329 935 3411 siquis
955 3329 989 3390 in
1009 3327 1117 3394 servili
1141 3331 1299 3392 consortio
1319 3348 1380 3390 con·

209 3431 340 3494 stitutus
369 3431 506 3497 liberum
537 3430 589 3496 vel
620 3429 735 3495 liberos
767 3432 914 3497 habuerit
944 3436 1010 3499 sive
1042 3455 1079 3498 ex
1111 3432 1212 3498 libera
1236 3436 1305 3498 sive
1327 3454 1381 3497 ser·

208 3535 283 3599 vilis
306 3536 497 3602 condicionis
519 3536 673 3611 muliere,
698 3536 751 3601 vel
774 3544 882 3602 contra
905 3559 996 3604 serva
1018 3539 1133 3604 mulier
1158 3561 1198 3604 ex
1217 3539 1319 3604 libero
1336 3537 1382 3604 vel

209 3661 298 3707 servo
320 3642 466 3706 habuerit
488 3641 604 3706 liberos
627 3645 854 3727 cuiuscumque
877 3664 987 3728 sexus,
1014 3651 1045 3709 at
1069 3646 1108 3710 ad
1131 3645 1316 3710 libertatem
1337 3646 1379 3708 his

209 3749 465 3830 pervenientibus
489 3749 595 3824 ethi,
621 3751 676 3832 qui
698 3769 737 3812 ex
761 3749 870 3815 servili
890 3756 999 3816 ventre
1019 3754 1088 3815 nati
1100 3763 1190 3827 sunt,
1205 3750 1379 3816 libertatem

210 3859 409 3931 meruerunt,
435 3853 487 3918 vel
511 3855 588 3918 dum
611 3855 762 3918 mulieres
785 3855 902 3921 liberae
927 3862 1032 3940 erant,
1056 3859 1119 3940 ipsi
1142 3860 1176 3921 in
1200 3859 1379 3922 servitutem

211 3979 263 4023 eos
285 3960 464 4025 habuerunt
487 3965 519 4024 et
541 3965 648 4044 postea
669 3960 705 4026 ad
726 3959 906 4027 libertatem
922 3967 1151 4048 pervenerunt,
1173 3968 1211 4027 ut
1230 3964 1266 4027 hi
1283 3982 1379 4028 omnes

211 4065 250 4129 ad
281 4069 506 4131 successionem
537 4065 589 4131 vel
612 4068 710 4149 patris
732 4067 786 4132 vel
807 4070 919 4134 matris
942 4072 1088 4145 veniant,
1112 4075 1299 4153 patronatus
1320 4071 1379 4132 iure
