2964 4596
219 73 263 143 aa
398 93 400 98 ·
615 71 753 140 mrsu.
776 93 799 138 1.
822 69 997 157 saa-40.

212 263 356 361 repelli,
382 262 504 368 utique
530 261 561 332 si
584 259 680 334 bona
700 258 772 330 fide
792 283 977 355 possessor
998 257 1105 330 fuerit
1125 257 1205 346 ille,
1228 232 1290 356 qiu
1309 259 1391 356 pic-
1462 265 1463 272 ’

213 388 328 449 turam
353 374 529 472 imposuit.
579 373 669 445 illud
694 373 788 444 enim
815 372 932 470 palam
957 383 1030 467 est,
1052 370 1169 470 quod,
1191 373 1263 442 sive
1285 373 1316 442 is
1338 373 1391 468 qui

213 490 328 587 pinxit
353 487 527 584 subripuit
551 485 690 559 tabulas
710 488 784 557 sive
805 484 916 580 alius,
936 485 1106 582 competit
1126 483 1271 555 domino
1285 483 1391 554 tabu·

213 599 328 673 larum
354 599 439 670 furti
463 601 568 673 aetio.

262 715 298 782 Si
329 717 400 802 quis
430 734 449 779 a
478 734 541 780 non
563 713 708 790 domino,
733 733 828 797 quem
851 712 1019 778 dominum
1042 733 1109 778 esse
1131 712 1296 789 crederet,¹
1313 711 1421 776 bonas

215 821 278 905 fide
310 821 445 886 fundum
481 820 596 885 emerit
625 817 679 886 rel
709 839 748 883 ex
779 819 946 884 donatione
977 817 1081 885 aliave
1111 838 1174 902 qua
1196 820 1282 882 iusta
1306 837 1393 882 causa

215 948 314 1013 aeque
335 927 417 992 bona
438 924 501 992 fide
526 926 696 1010 acceperit:
720 923 861 989 naturali
884 927 1005 990 ratione
1028 923 1151 1009 placuit
1175 925 1298 988 fructus
1321 943 1394 1008 quos

214 1034 356 1119 percepit
388 1034 456 1096 eius
488 1051 554 1096 esse
584 1051 642 1116 pro
672 1028 798 1094 cultura
829 1034 862 1094 et
884 1050 969 1094 cura
1017 1035 1049 1095 et
1068 1030 1139 1095 ideo
1164 1033 1192 1094 si
1214 1034 1324 1114 postea
1346 1029 1394 1094 do

218 1141 323 1204 minus
346 1139 563 1222 supervenerit
585 1140 618 1200 et
640 1135 776 1199 fundum
799 1135 957 1212 vindicet,
979 1135 1018 1201 de
1038 1136 1195 1201 fructibus
1215 1136 1254 1200 ab
1274 1155 1311 1200 eo
1331 1155 1395 1200 con·

216 1246 355 1329 sumptis
385 1263 479 1330 agere
510 1263 574 1307 non
602 1245 716 1326 potest.
759 1242 790 1305 ei
821 1260 913 1318 vero,
946 1242 1002 1326 qui
1032 1243 1134 1306 sciens
1165 1240 1306 1305 alienum
1329 1239 1393 1304 fun·

217 1350 296 1415 dum
326 1348 517 1435 possederit,
548 1367 612 1412 non
640 1346 727 1410 idem
758 1364 940 1410 concessum
968 1351 1026 1412 est.
1072 1349 1180 1432 itaque
1204 1367 1278 1413 cum
1301 1345 1396 1410 fundo

218 1457 317 1520 etiam
340 1454 480 1524 fructus,
503 1451 581 1517 licet
603 1451 784 1534 consumpti
808 1452 891 1526 sint,
917 1452 1044 1538 cogitur
1066 1454 1243 1516 restituere.
1282 1450 1330 1528 Is,
1355 1449 1426 1515 ada

218 1579 315 1645 quem
345 1579 423 1622 usus
452 1557 575 1622 fructus
604 1555 696 1620 fundi
726 1557 880 1640 pertinet,
911 1575 975 1620 non
997 1554 1090 1622 aliter
1111 1557 1276 1622 fructuum
1300 1556 1397 1622 domi-

216 1686 277 1730 nus
305 1663 457 1746 efficitur,
481 1683 577 1748 quam
600 1664 628 1727 si
651 1681 703 1726 eos
725 1663 1000 1746 ipseperceperit.
1047 1668 1079 1727 et
1101 1663 1172 1727 ideo
1195 1662 1272 1728 licet
1295 1667 1397 1727 matu-

215 1771 261 1835 ris
290 1768 463 1842 fructibus‚
496 1768 638 1833 nondum
668 1770 776 1832 tamen
798 1769 955 1852 perceptis
978 1768 1163 1852 decesserit,
1188 1769 1228 1834 ad
1249 1768 1398 1834 heredem

218 1877 286 1940 eius
309 1895 372 1940 non
393 1876 568 1960 pertinent,
593 1872 647 1937 sed
671 1872 799 1937 domino
821 1875 1023 1958 proprietatis
1043 1874 1262 1958 adquiruntur.
1288 1873 1397 1939 eadem

216 1980 281 2045 fere
313 1985 345 2044 et
375 1980 415 2044 de
445 1979 554 2045 colono
585 1979 744 2044 dicuntur.
795 1979 829 2042 ln
858 1978 1018 2064 pecudum
1046 1979 1154 2046 fructu
1183 1983 1282 2046 etiam
1312 1979 1426 2044 fetosa

218 2090 283 2164 est,
317 2087 413 2150 sicuti
440 2083 489 2149 lac
512 2090 544 2150 et
565 2083 652 2169 pilus
676 2088 707 2148 et
729 2083 819 2148 lana:
842 2086 951 2169 itaque
974 2087 1051 2173 agni
1073 2090 1106 2150 et
1128 2085 1221 2150 haedi
1246 2089 1278 2150 et
1301 2083 1397 2150 vituli

218 2196 251 2256 et
281 2190 391 2276 equali
423 2191 531 2254 statim
563 2188 703 2254 naturali
727 2191 797 2254 iure
821 2189 957 2254 dominii
980 2193 1054 2256 sunt
1076 2191 1254 2256 fructuarii.
1289 2196 1398 2276 partus

216 2316 293 2364 vero
316 2295 449 2361 ancillae
471 2297 506 2359 in
528 2295 635 2359 fructu
657 2314 720 2359 non
744 2300 791 2359 est
813 2297 922 2380 itaque
945 2296 984 2361 ad
1008 2295 1175 2361 dominum
1200 2298 1399 2382 proprietatis

216 2404 370 2489 pertinet:
404 2401 578 2466 absurdum
609 2402 693 2465 enim
725 2400 895 2466 videbatur
924 2401 1088 2466 hominem
1119 2405 1154 2466 in
1182 2401 1397 2485 fructeseae,

216 2530 291 2574 cum
321 2528 430 2574 omnes
462 2506 584 2570 fructus
606 2527 714 2571 rerum
736 2512 849 2570 natura
871 2506 1039 2571 hominum
1061 2510 1166 2595 gratia
1190 2509 1396 2592 compararit.

215 2612 279 2680 Sed
310 2617 337 2678 si
362 2615 471 2700 gregis
493 2633 590 2677 usum
612 2613 754 2677 fructum
778 2614 849 2698 quis
871 2612 1003 2692 habeat,
1027 2615 1062 2677 in
1085 2614 1192 2680 locum
1216 2614 1427 2680 demortuos

212 2741 287 2785 rum
307 2721 450 2804 capitum
469 2739 508 2782 ex
527 2719 595 2782 fetu
614 2717 808 2782 fructuarius
827 2720 1029 2784 summittere
1049 2719 1160 2796 debet,
1179 2724 1217 2782 ut
1229 2723 1261 2783 et
1272 2718 1396 2784 Iuliano

212 2828 321 2893 visum
355 2829 420 2901 est,
449 2828 481 2888 et
511 2826 545 2887 in
576 2825 744 2889 vinearum
776 2824 1016 2890 demortuarum
1038 2824 1091 2892 vel
1115 2825 1264 2890 arborum
1286 2823 1394 2889 locum

214 2929 293 2998 alias
320 2929 414 2994 debet
437 2930 639 2995 substituere.
685 2935 771 2995 recte
795 2933 880 2996 enim
905 2930 1006 2996 colere
1024 2931 1118 2997 debet
1138 2936 1169 2996 et
1189 2932 1280 3016 quasi
1294 2929 1396 2996 bonus

212 3041 303 3122 pater
325 3033 466 3099 familias
488 3036 539 3098 uti
562 3034 666 3100 debet.

257 3141 453 3217 Thesauros,
480 3159 557 3225 quos
580 3142 652 3224 quis
673 3141 708 3204 in
731 3161 788 3205 suo
807 3139 877 3206 loco
897 3142 1068 3219 invenerit,
1092 3143 1185 3208 divus
1204 3141 1422 3207 Hadriaunsaa

212 3246 394 3314 naturalem
419 3247 613 3329 aequitatem
636 3251 763 3310 secutus
787 3247 817 3310 ei
837 3250 989 3313 concessit
1012 3249 1068 3333 qui
1089 3250 1258 3313 invenerit.
1293 3247 1394 3312 idem-

213 3373 275 3440 que
298 3353 431 3435 statuit,
455 3353 484 3414 si
507 3352 578 3436 quis
600 3353 635 3415 in
657 3371 743 3416 sacro
768 3357 824 3417 aut
846 3355 881 3416 in
903 3352 1053 3441 religioso
1075 3353 1144 3419 loco
1163 3354 1296 3419 fortuito
1318 3373 1394 3418 casu

211 3460 378 3525 invenerit.
404 3461 437 3522 at
460 3458 489 3521 si
511 3458 582 3542 quis
603 3458 638 3521 in
662 3457 764 3522 alieno
788 3456 857 3523 loco
876 3478 943 3523 non
967 3457 1040 3524 data
1064 3459 1103 3524 ad
1125 3459 1185 3525 hoc
1204 3480 1317 3546 opera,
1338 3457 1393 3523 sed

210 3565 346 3631 fortuitu
375 3564 549 3640 invenerit,
581 3561 754 3628 dimidium
781 3563 910 3629 domino
931 3563 992 3629 soli
1014 3567 1175 3631 concessit.
1222 3570 1255 3632 et
1278 3584 1391 3631 conve-

210 3672 350 3746 nienter,
371 3671 398 3732 si
416 3670 488 3753 quis
506 3669 541 3732 in
561 3665 703 3734 Caesaris
720 3668 790 3733 loco
808 3671 985 3748 invenerit,
1007 3669 1181 3735 dimidium
1195 3670 1388 3744 inventoris,

211 3774 382 3840 dimidium
406 3770 547 3839 Caesaris
571 3795 637 3839 esse
660 3777 783 3838 statuit.
819 3776 872 3840 cui
895 3777 1084 3842 conveniens
1106 3781 1251 3861 est,·ut‚
1272 3777 1302 3842 si
1320 3776 1393 3860 quis

209 3882 244 3945 in
272 3879 400 3964 publico
422 3878 492 3944 loco
515 3878 568 3945 vel
590 3877 691 3944 fiscali
713 3879 890 3960 invenerit,
915 3881 1089 3946 dimidium
1112 3883 1213 3967 ipsius
1236 3903 1321 3968 esse,
1344 3879 1393 3944 di·

208 3985 348 4054 midium
370 3983 438 4050 fisci
458 3983 511 4050 vel
534 3986 684 4051 civitatis.

252 4089 315 4156 Per
345 4091 550 4155 traditionem
574 4109 697 4176 quoque
719 4093 788 4156 iure
811 4092 950 4158 naturali
972 4114 1022 4160 res
1045 4095 1135 4160 nobis
1159 4096 1427 4181 adquiruntur:ro
