2880 4614
524 66 579 116 en
601 49 656 114 nr.
680 48 765 134 §se
1048 26 1049 30 '
1163 49 1240 116 ees·

48 241 116 323 ipse
147 241 236 323 pater
258 240 426 322 adoptivus
450 244 507 304 aut
529 240 789 327 coemptionaltor
809 239 901 306 heres
923 239 976 314 fit,
1002 239 1121 307 directo
1144 247 1268 310 tene-se

51 351 103 408 tur
132 347 219 425 iure3
251 347 278 409 ie
309 347 386 410 enim
416 348 478 428 ipre
504 346 556 430 qai
576 346 581 430 Ι
602 367 635 411 se
659 346 873 431 adoptandum
898 347 1003 425 dedit,
1029 368 1171 433 quaeque
1193 351 1227 414 in
1240 372 1265 416 n

51 472 182 515 manum
205 455 369 530 convenit,
391 452 397 535 )
418 451 535 516 desinit
558 471 624 516 esse
647 451 737 517 heres
752 452 785 536 Ι).
833 452 881 518 De
904 472 941 517 eo
961 472 1035 519 vero
1056 455 1139 538 quod
1159 476 1266 540 pro-rs

49 560 118 643 prio
141 553 278 636 nolmine
301 579 355 624 eae
378 578 526 643 personae
551 558 717 623 debuerint
729 557 768 639 ἓ),
792 557 869 623 lieet
891 579 993 643 neque
1015 564 1105 644 pater
1125 562 1130 645 1
1151 561 1271 650 ado-re,
1284 584 1310 629 so

49 667 158 748 ptivus
181 669 343 740 teneatur,
368 685 471 754 neque
493 666 760 749 coemptionator,
781 685 873 750 neque
893 665 898 749 Ι
918 667 986 750 ipsc
1006 666 1153 750 quidem,
1174 670 1264 752 quin

49 791 81 834 se
100 772 136 834 in
155 771 355 857 adoptionem
368 775 395 851 8)
415 770 501 835 dedit
521 777 574 833 eet
594 770 600 856 )
620 790 700 854 quae
720 773 754 835 in
775 791 908 836 manum
922 775 1086 849 convenit,
1100 779 1266 842 maneatur

50 877 210 964 obligatus
233 868 469 962 oblilgate[ee],
490 877 565 961 quie
587 875 700 941 retice
713 876 739 957 ⁴)
763 897 819 961 per
842 879 955 962 capitis
976 878 1266 956 deminutionem

48 982 275 1067 libere[e]ltur,
300 988 409 1047 temen
431 983 466 1048 in
490 1003 564 1048 eum
589 1002 700 1048 eamve
722 983 814 1048 utilis
835 986 917 1049 ectio
934 986 1044 1062 datur,
1065 985 1265 1076 rescissellss

52 1091 164 1173 capitis
195 1089 430 1154 deminutione:
463 1091 545 1154 etsi
569 1089 824 1155 adversushenc
848 1081 1015 1178 ectiolncm
1037 1092 1344 1160 nondefen-s150
1394 1111 1397 1120 ’
1431 1145 1432 1148 ,

51 1195 209 1279 da[e]tur·‚
242 1216 321 1280 quae
353 1197 435 1261 bona
463 1216 572 1260 eorum
603 1197 712 1262 futura
740 1193 903 1290 fudissent,
929 1199 957 1261 si
986 1217 1018 1262 se
1042 1197 1144 1263 alieno
1167 1200 1257 1265 iuris
1294 1186 1367 1272 ⁹⁰'**)

48 1321 109 1368 non
122 1301 336 1382 subiecissent,
346 1305 495 1370 universa
505 1315 511 1389 1
521 1304 656 1370 vendere
664 1303 1181 1391 creditoribnspraetorpermittit.
1194 1285 1252 1388 l⁵)s
1296 1325 1297 1328 ’

78 1650 105 1719 1)
125 1649 168 1703 c:
188 1648 312 1703 heredes.

78 1739 107 1808 2)
127 1739 218 1808 Usque
244 1738 279 1792 ad
306 1735 489 1791 »debuerint'
517 1735 665 1792 Gondsmit
683 1736 755 1792 hanc
775 1740 790 1807 ξ
810 1737 935 1794 restituit
953 1739 972 1792 l.
992 1739 1010 1792 l.
1031 1757 1058 1808 p.
1080 1740 1131 1805 53,
1151 1757 1234 1810 quem

44 1847 102 1882 sum
128 1830 252 1893 secutus,
281 1827 336 1881 nisi
361 1827 436 1897 quod
454 1844 504 1897 pro
525 1829 611 1883 stunc
632 1827 726 1882 enim”
746 1829 840 1896 (versu
860 1828 908 1895 14)
928 1828 1024 1900 scripsi
1045 1829 1185 1884 »etenim”
1205 1833 1235 1885 et

42 1935 88 1986 pro
108 1918 183 1988 »ipse
201 1919 284 1975 vero'’
301 1921 395 1988 (versu
416 1918 462 1988 16)
483 1917 524 1972 »is
544 1916 619 1972 enim
638 1916 696 1986 ipse
716 1916 791 1988 qui',
812 1917 912 1987 quibus
932 1917 1024 1974 verbis
1043 1918 1166 1988 spatium
1186 1937 1233 1974 va-

43 2025 122 2061 cuum
141 2007 249 2063 suffieit.
570 2013 573 2017 '
1197 2081 1201 2088 ι

79 2099 107 2168 3)
127 2097 170 2168 (iz
191 2097 253 2168 quis
278 2096 375 2151 eadem
401 2095 431 2150 in
454 2096 604 2166 optionem.
643 2097 776 2151 Mendum
796 2099 889 2153 ortum
908 2115 967 2153 esse
986 2100 1080 2169 potest
1099 2115 1147 2155 ex:
1168 2095 1186 2168 d
1206 2119 1235 2156 se

47 2189 80 2241 ed
100 2202 128 2260 χ
148 2197 260 2258 fop>n‚
281 2205 343 2242 oum
370 2187 479 2258 signum
505 2200 534 2260 χ
555 2204 621 2242 casu
640 2187 760 2257 quodem
782 2188 977 2244 oblitteratum
997 2190 1078 2244 esset.

82 2280 111 2348 4)
130 2279 231 2333 Addidi
258 2279 320 2332 „ve”
345 2280 412 2332 ente
438 2279 544 2349 »quia''‚
569 2294 739 2345 quemquam
758 2295 920 2348 persuasum
940 2278 1011 2332 mihi
1027 2282 1082 2344 est,
1103 2279 1236 2348 scribam,

48 2369 115 2423 trita
148 2368 322 2433 confusione,
349 2369 432 2440 »que''
459 2368 576 2423 scribere
602 2367 737 2432 voluisse;
764 2367 802 2422 sio
827 2367 901 2422 enim
927 2367 1034 2422 factum
1059 2369 1116 2434 est„
1142 2371 1175 2423 ut
1200 2369 1237 2424 ed

48 2459 139 2530 equid*
167 2459 315 2514 aberraret.
354 2458 396 2513 De
421 2458 563 2515 »scilicet'
593 2491 627 2498 -
656 2457 686 2511 in
711 2457 804 2512 codice
833 2474 891 2512 esse
919 2457 1031 2512 videtur
1059 2459 1236 2513 monstruosa

46 2549 126 2604 lectio
153 2548 280 2615 »scetsi''‚
299 2565 349 2619 pro
368 2549 469 2618 quibus
489 2547 591 2602 litteris
610 2547 644 2602 de
665 2543 807 2602 ›scilicet''
828 2547 951 2618 cogitare
971 2547 1011 2604 St.
1032 2565 1082 2602 nos
1101 2549 1181 2603 vetat
1201 2581 1233 2588 -

50 2663 121 2730 quod
139 2663 174 2717 ed
193 2661 361 2718 sententiam
382 2661 509 2714 dubitare
529 2677 585 2714 non
604 2676 759 2736 possumus.

83 2755 109 2823 ⁹⁶)
129 2771 206 2824 apag.
224 2752 341 2807 interior
360 2752 470 2821 praeter
488 2767 640 2820 perpaucos
658 2751 734 2806 locos
753 2750 834 2805 facile
851 2750 983 2822 legitur.”

83 2843 109 2913 5)
129 2845 245 2898 »Versus
272 2843 303 2908 5,
328 2843 357 2906 6,
387 2841 402 2892 7
429 2839 514 2894 minio
539 2839 635 2911 scripti
655 2839 738 2894 fuisse
758 2838 896 2894 videntur.
935 2839 1015 2904 Quod
1033 2856 1114 2894 versu
1133 2841 1148 2894 5
1170 2839 1234 2896 scri-

48 2934 104 2986 tum
129 2933 225 2992 tuerit,
245 2932 369 2986 divinare
389 2948 445 2985 non
464 2948 623 3000 possumus3
644 2947 753 2985 versum
775 2931 792 2983 6
811 2928 958 2983 restituere
976 2946 1033 2984 non
1053 2929 1163 2984 difficile
1180 2932 1233 2985 est.

48 3020 143 3076 Totum
168 3023 263 3076 autem
286 3022 380 3076 locum
405 3020 462 3088 (ggi
488 3021 597 3074 85-87
622 3037 693 3090 quae
713 3020 798 3090 vulgo
818 3018 952 3089 eduntur)
972 3019 1055 3077 reieci
1074 3020 1110 3074 ad
1130 3021 1234 3076 onlnem

48 3109 125 3166 huius
142 3113 230 3186 libri„
246 3111 361 3182 Spurius
381 3109 456 3164 enim
476 3112 527 3164 est.
555 3111 648 3181 Vulgo
667 3112 762 3164 autem
782 3111 821 3164 sic
841 3127 905 3163 cum
924 3110 1154 3165 antecedentibus
1170 3127 1233 3166 con·

48 3197 206 3272 iunguntur,
232 3201 313 3270 quasi
338 3199 492 3270 pertineret
518 3203 614 3254 »cessio
639 3199 805 3255 hereditatis”
832 3199 868 3252 ad
896 3201 1099 3255 »successiones
1118 3199 1234 3254 alterius

47 3291 164 3356 generis”
185 3292 260 3360 (coll.
280 3291 319 3344 Π.
340 3291 390 3360 97)
412 3305 500 3359 >quae
519 3307 608 3356 neque
627 3290 689 3362 lege
705 3290 772 3343 Xll.
784 3289 842 3344 tab.
854 3306 944 3358 neque
954 3291 1027 3344 eto.”
1038 3293 1067 3360 (ᾗ
1079 3289 1114 3344 82
1131 3291 1233 3361 supra).

48 3376 116 3440 erae
144 3379 235 3449 opinio
263 3379 331 3434 licet
362 3379 508 3433 doctorum
538 3380 692 3434 eommunis
710 3379 747 3434 sit
766 3379 948 3434 nihilominus
971 3380 1043 3434 felse
1062 3381 1113 3435 est.
1152 3379 1235 3434 Cesso

48 3467 115 3521 enim
139 3469 277 3524 heredites
302 3485 357 3524 non
383 3473 426 3524 est
451 3468 566 3523 alterius
591 3469 667 3523 illius
693 3469 802 3540 generis
829 3469 1006 3524 successionis
1026 3471 1131 3540 species
1150 3487 1233 3540 quae·

49 3553 107 3610 dam
132 3558 263 3614 distinete
286 3559 322 3614 ab
345 3559 550 3614 hereditatibus
576 3560 693 3614 caeteris
700 3581 707 3624 ;
734 3561 848 3614 tantum
869 3560 943 3629 quod
963 3577 1013 3630 pro
1031 3560 1133 3616 herede
1153 3560 1233 3615 heres

48 3644 113 3700 elius
129 3649 168 3703 fit.
206 3649 281 3705 Etsi
300 3649 344 3705 oui
364 3649 417 3704 hoc
436 3649 618 3704 confidentius
638 3667 655 3702 e
671 3665 716 3703 me
731 3648 839 3704 dietum
855 3649 997 3716 videatur,
1014 3650 1098 3704 adeat
1114 3649 1180 3704 libri
1189 3650 1232 3716 ΙΙ,

49 3736 116 3801 ἕ98,
135 3739 182 3793 ubi
200 3740 322 3810 quinque
341 3739 444 3808 species
464 3739 579 3793 elterius
597 3739 706 3810 generis
725 3737 929 3794 successionum
949 3741 1146 3805 numerantur,
1167 3760 1232 3812 quas

54 3825 129 3882 Gaios
153 3833 269 3902 sinqelas
294 3849 374 3901 esque
393 3831 430 3882 ad
447 3831 514 3882 haec
532 3832 615 3883 locum
635 3832 769 3884 tractavit:
790 3829 944 3895 hereditas,
965 3831 994 3883 et
1013 3829 1148 3884 bonorum
1169 3848 1247 3900 pos·.

50 3916 135 3983 sessio,
156 3903 191 3974 εί
206 3921 341 3976 bonorum
361 3918 480 3988 emptio,
500 3921 530 3972 et
550 3919 621 3974 bona
641 3909 768 3989 adoptati
786 3923 816 3975 et
834 3918 958 3974 mulieris
977 3936 1048 3988 quae
1068 3919 1096 3974 in
1116 3938 1231 3976 manum

49 4007 174 4063 convenit.
212 4009 268 4064 Ubi
292 4008 407 4064 tandem
431 4011 474 4064 est
497 4011 576 4065 sexta
593 4007 648 4065 ista
668 4010 825 4066 »hereditas
846 4009 961 4065 cesse'’?
981 4009 1128 4065 Caeterum
1147 4015 1229 4066 nemo

51 4095 197 4155 admonitus
217 4103 275 4172 ἕξοι,
295 4117 313 4154 e
332 4115 376 4155 me
395 4099 541 4156 damnatas
559 4099 650 4172 leget,
672 4100 738 4169 quin
759 4100 855 4158 statim
874 4086 1152 4172 sentiat‘suppositas
1163 4116 1229 4156 esse.
