2890 4616
238 68 303 140 322
629 79 712 136 msr.
726 62 791 136 lv.
814 81 862 134 m.
885 62 1033 155 §§1-8.

375 262 454 336 δήεις
477 259 529 324 τόν
552 283 592 337 γε
615 257 722 324 σύεσσι
745 259 934 339 παρήμενον·
959 261 991 324 al
1016 259 1047 323 δὲ
1072 257 1214 336 νέμονται

374 367 438 447 πὰρ
461 365 593 445 Κόρακος
617 364 728 446 πέτρῃ,
754 364 806 428 ἐπί
829 389 865 427 σε
887 367 975 446 κρήνῃ
997 363 1178 448 Ἀρεθούσῃ.

282 474 403 539 Iniuria
435 478 543 537 autem
573 471 713 537 occidere
741 470 957 557 intellegitur,
990 473 1045 556 qui
1074 471 1163 536 nullo
1192 475 1261 538 iure
1283 474 1391 539 decidii

236 583 345 664 itaque
375 579 431 664 qui
452 578 609 642 latronem
630 576 761 654 oceidit,
784 596 846 641 non
869 581 1008 652 tenetur,
1033 579 1144 663 utique
1167 581 1195 644 si
1217 578 1306 644 aliter
1324 583 1379 664 peri·

237 686 347 752 aulum
378 683 515 771 effugere
544 703 607 748 non
635 687 749 767 potest.
796 682 845 747 Ae
876 703 915 746 ne
945 685 973 747 is
996 683 1127 768 quidem
1149 685 1209 750 has
1230 685 1301 772 lege
1320 690 1393 750 tener

236 799 307 875 tur,
331 793 386 877 qui
408 810 481 855 nasu
503 789 636 865 oceidit,
661 790 689 852 si
713 787 808 853 modo
830 787 923 873 culpa
942 792 1010 853 eius
1028 789 1119 854 nulla
1136 793 1314 856 invenitur:
1331 813 1383 856 nan
1419 821 1420 854 r

235 899 375 984 alioquin
403 917 465 962 non
492 900 598 960 minus
627 915 666 959 ex
695 893 766 959 dolo
796 914 893 979 quam
924 915 962 959 ex
985 895 1079 981 eulpa
1102 898 1233 980 quisque
1258 896 1384 984 herlage

201 1033 204 1040 ·
237 1011 371 1070 tenetur.
418 1001 528 1087 ltaque
563 1003 590 1066 si
617 1003 713 1085 ¹quis,
745 999 823 1064 dum
851 999 964 1064 iaculis
993 1001 1077 1065 ludit
1105 1001 1158 1066 vel
1185 1005 1396 1074 excercitatus

237 1116 452 1177 transeuntem
482 1129 610 1174 servum
640 1111 735 1172 tuum
769 1097 941 1183 traiecerit,
973 1106 1199 1193 distinguitur:
1227 1130 1303 1172 nam
1325 1112 1348 1172 si
1365 1109 1386 1172 id

237 1238 255 1283 a
284 1215 388 1282 milite
417 1215 545 1301 quidem
574 1216 609 1278 in
640 1232 752 1299 eampo
782 1233 896 1298 eoque.
925 1212 981 1277 ubi
1004 1212 1136 1277 solitum
1159 1219 1206 1278 est
1227 1216 1387 1294 exercitari,

237 1324 411 1390 admissum
442 1326 506 1398 est,
537 1319 627 1385 nulla
649 1319 743 1403 eulpa
766 1321 834 1384 eius
856 1317 1069 1405 intellegitur,
1094 1321 1122 1383 si
1144 1319 1225 1385 alius
1249 1319 1313 1385 tale
1334 1320 1388 1404 quid
1420 1313 1421 1382 i

235 1430 383 1504 admisit,
416 1427 526 1511 eulpae
557 1447 628 1491 rsus
659 1432 716 1490 est.
762 1426 847 1490 idem
876 1427 956 1488 iuris
981 1430 1029 1489 est
1061 1424 1099 1488 de
1128 1424 1252 1500 milite,
1279 1430 1306 1491 si
1327 1429 1389 1489 isin

236 1535 299 1601 alio
329 1534 413 1622 Ιοσο,
446 1554 542 1617 quam
572 1534 627 1616 qni
660 1531 868 1597 exercitandis
898 1530 1059 1595 militibus
1089 1530 1267 1596 destinatus
1290 1538 1349 1615 est,
1366 1532 1389 1594 id

237 1642 376 1707 admisit.
423 1638 506 1704 Item
529 1641 557 1704 si
579 1643 708 1723 putator
730 1659 769 1702 ex
791 1637 899 1702 arbore
922 1637 1044 1701 deiecto
1061 1656 1149 1700 ramo
1168 1658 1299 1705 servum
1318 1644 1402 1702 turns

235 1751 452 1812 transeuntem
478 1745 649 1822 'occiderit,
681 1747 708 1807 si
735 1763 831 1828 prope
863 1745 951 1808 viam
979 1742 1141 1828 publicam
1165 1751 1220 1808 aut
1243 1745 1391 1810 vicinalem

235 1853 269 1917 id
296 1853 415 1917 factum
446 1857 493 1917 est
515 1870 615 1935 neque
638 1849 878 1935 praeclamavit,
901 1854 938 1913 ut
962 1869 1051 1914 casus
1074 1852 1188 1914 evitari
1211 1850 1324 1935 possit,
1345 1849 1391 1912 eul-

236 1977 294 2040 pae
324 1978 396 2023 reus
427 1963 491 2022 est:
524 1959 551 2020 si
578 1954 805 2042 praeclamavit
826 1975 927 2038 neque
950 1954 1006 2019 ille
1029 1959 1152 2022 rimavit
1175 1977 1302 2033 cavere,
1325 1961 1393 2020 entra

235 2064 363 2149 eulpam
393 2069 441 2128 est
471 2069 608 2148 putator.
656 2081 753 2145 aeque
784 2067 873 2124 extra
903 2060 1030 2145 eulpam
1054 2083 1120 2126 esse
1141 2062 1355 2150 intellegitur,
1375 2063 1392 2123 si

236 2190 377 2235 seorsum
411 2191 430 2234 a
458 2171 512 2234 via
541 2169 622 2233 forte
652 2166 706 2233 vel
735 2170 767 2230 in
797 2167 905 2231 medio
934 2166 1032 2232 fundo
1060 2167 1226 2251 caedebat,
1252 2167 1328 2232 lieet
1347 2188 1392 2230 nan

235 2274 479 2360 praeclamavit,
511 2276 585 2359 quia
615 2274 655 2338 ea
681 2272 750 2337 loeo
778 2271 860 2338 nulli
883 2278 1029 2338 extraneo
1052 2275 1104 2336 ius
1126 2273 1230 2337 fuerat
1254 2273 1389 2339 versandi.

234 2381 401 2448 Praeterea
434 2383 462 2444 si
495 2379 648 2456 medicus,
686 2381 740 2464 qui
775 2399 903 2444 servum
933 2384 1027 2444 tuum
1057 2381 1175 2462 saeuit,
1207 2380 1405 2465 dereliqueris

235 2491 430 2554 rurationem
454 2477 548 2571 atque
570 2486 609 2551 ob
632 2485 666 2550 id
679 2490 833 2548 mortuus
855 2484 952 2550 fuerit
975 2505 1101 2559 servus,
1124 2485 1235 2571 eulpae
1259 2507 1330 2551 reus
1350 2490 1391 2549 est.

233 2594 399 2681 Imperitia
428 2612 551 2678 quoque
580 2590 690 2678 eulpae
721 2591 963 2672 adnumeratur,
995 2591 1098 2671 veluti
1126 2595 1154 2656 si
1176 2593 1318 2672 medicus
1339 2593 1404 2655 ideoi

235 2721 363 2766 servum
394 2705 497 2792 tuum¹
511 2698 677 2770 occiderit,¹
701 2697 784 2782 quod
807 2719 882 2764 eum
904 2685 989 2762 male
1011 2700 1146 2762 secuerit
1169 2704 1224 2763 aut
1246 2683 1393 2784 perperam

234 2809 264 2872 ei
306 2806 576 2870 medicamentum
618 2803 749 2868 dederit.
796 2784 923 2888 Impetlr
957 2824 1080 2890 quoque
1114 2803 1296 2882 mularum,
1331 2823 1404 2888 quasa

233 2911 336 2976 mulio
365 2916 491 2995 propter
514 2911 710 2994 imperitiam
733 2911 867 2974 retinere
889 2929 952 2974 non
974 2913 1131 2999 potuerit,
1156 2913 1184 2974 si
1206 2932 1317 2976 servus
1335 2917 1392 2976 tuns

234 3015 399 3101 oppressn‘s
427 3016 540 3099 fuerit,
572 3013 681 3099 eulpae
707 3036 780 3079 reus
803 3020 852 3079 est
874 3015 986 3080 mulio.
1033 3017 1142 3085 sedet
1165 3019 1192 3080 si
1215 3021 1341 3102 propter
1359 3020 1390 3078 in-

234 3119 420 3186 firmitatem
438 3125 572 3187 retinere
595 3141 648 3186 eas
669 3140 731 3185 non
754 3124 909 3206 potuerit,
921 3109 923 3118 ’
935 3143 1007 3186 anm
1033 3117 1115 3187 alius
1133 3121 1256 3188 firmior
1273 3126 1388 3188 retinen

230 3229 403 3313 potuisset,
435 3247 533 3311 aeque
555 3226 666 3312 eulpae
689 3232 823 3292 tenetur.
870 3227 981 3298 eadem
1002 3227 1190 3312 placuerrmt
1212 3230 1252 3293 de
1265 3227 1311 3309 ffeo
1333 3247 1388 3311 qna·

231 3354 310 3419 que,
342 3337 416 3417 qui,
446 3353 519 3396 eum
548 3353 627 3418 equo
651 3331 835 3406 veheretur,
859 3335 1018 3418 impetum
1042 3336 1111 3398 eius
1134 3339 1190 3398 ant
1212 3341 1339 3420 propter
1356 3336 1388 3395 in·

228 3435 413 3503 firmitatem
444 3444 501 3502 aut
530 3444 657 3523 propter
686 3441 882 3522 imperitiam
904 3460 994 3504 suam
1016 3442 1151 3504 retinere
1170 3460 1237 3504 non
1258 3440 1385 3524 potuerit.

228 3543 291 3610 His
321 3550 430 3610 autem
459 3543 564 3610 verbis
594 3543 676 3630 legis
708 3547 828 3630 ‘quanti
858 3545 892 3609 id
923 3548 957 3608 in
986 3565 1021 3610 eo
1042 3557 1124 3610 anno
1146 3545 1279 3630 plurimi
1302 3541 1386 3609 fuerit

228 3651 286 3716 illa
308 3652 465 3716 sententia
487 3653 692 3734 exprimitur,
716 3655 754 3713 ut
777 3651 895 3736 siquis
918 3650 1080 3716 hominem
1104 3656 1214 3727 tuum,
1241 3654 1296 3737 qui
1313 3648 1384 3714 hade

230 3756 361 3821 claudus
391 3761 447 3822 aut
474 3756 582 3835 luscus
604 3763 661 3821 aut
682 3775 814 3820 manens
838 3759 916 3841 erit,
940 3757 1106 3832 occiderit,
1130 3760 1243 3842 quiin
1266 3772 1383 3823 eoanno

228 3865 353 3950 integer
375 3866 431 3926 aut
452 3864 609 3946 pretiosus
632 3861 747 3937 fuerit,
770 3882 833 3927 non
849 3865 932 3928 tanti
951 3868 1110 3940 teneatur,
1133 3865 1244 3947 quanti
1263 3865 1291 3927 is
1310 3859 1382 3926 hade

190 3959 192 3964 ’
229 3969 306 4042 erit,
340 3967 394 4030 sed
425 3969 537 4050 quanti
565 3971 600 4031 in
631 3987 667 4032 eo
700 3953 780 4032 anna
803 3967 936 4053 plurimi
959 3969 1065 4036 luerit.
1113 3989 1175 4054 qua
1197 3972 1316 4034 ratione
1336 3984 1381 4028 cre

153 4162 154 4165 Ἴ
229 4071 334 4138 ditum
357 4076 405 4136 est
427 4072 590 4156 poenalem
613 4091 680 4137 asse
701 4073 799 4138 huius
821 4073 903 4161 legis
927 4077 1096 4160 actionem,
1116 4078 1192 4160 quia
1213 4096 1274 4140 non
1297 4071 1379 4138 solun
