2964 4596
620 91 702 140 ruer.
719 75 741 140 Ι.
766 93 823 141 xn.
835 97 883 161 pr.

699 263 773 330 ΧΠ
863 315 866 323 ,

325 411 460 481 QUIBUS
480 411 599 471 MODIS
619 413 680 471 IUS
700 411 928 472 POTESTATIS
949 412 1142 473 SOLVITUR.

193 549 389 622 Videamus
414 577 536 640 nune,
565 550 693 648 quibus
718 551 834 624 modis
859 554 906 647 ii,
930 555 991 652 qni
1010 554 1126 626 alieno
1144 554 1212 626 iuri
1230 552 1324 624 sub-

142 664 227 736 iecti
256 674 356 750 sunt,
391 690 434 736 eo
468 665 543 735 iure
576 663 782 736 liberantur.
834 677 869 736 et
897 666 1039 764 quidem
1065 667 1158 738 servi
1182 691 1316 764 quem·-

145 776 335 849 admodum
368 787 540 874 potestate
571 777 785 865 liberantur,
812 805 856 850 ex
879 777 935 850 his
959 779 1164 878 intellegere
1189 805 1325 876 possu-

90 945 92 954 ,
143 916 242 982 mus,
266 915 357 988 quae
383 888 427 960 de
454 891 565 962 servis
591 891 878 962 manumittendis
903 892 1062 989 superius
1088 893 1322 988 exposuimus.

143 1000 181 1074 hi
217 1028 322 1096 vero,
359 1003 420 1099 qui
456 1005 492 1074 in
529 1013 701 1100 potestate
739 1006 893 1100 parentis
912 1015 1012 1099 sunt,
1038 1013 1175 1076 mortuo
1201 1029 1244 1075 eo
1268 1005 1325 1074 sni

43 1157 50 1170 »
145 1115 231 1186 iuris
263 1113 363 1187 liunt.
415 1115 477 1187 sed
508 1115 577 1188 hoo
603 1115 864 1187 distinctionem
890 1118 1027 1215 recipit.
1078 1141 1160 1186 nem
1184 1127 1323 1188 mortuo

115 1237 241 1326 ¹patre
275 1253 359 1300 sane
393 1227 597 1301 omnimodo
629 1228 695 1300 filii
726 1227 865 1301 filiaeve
899 1231 953 1301 sui
989 1231 1075 1301 iuris
1113 1227 1322 1300 alliciuntur.

144 1351 283 1412 mortno
321 1367 405 1413 vero
439 1368 505 1413 avo
539 1367 611 1412 non
648 1342 851 1415 omnimodo
876 1354 1022 1441 nepotes
1047 1349 1240 1441 neptesque
1264 1343 1322 1412 sui

143 1455 229 1524 iuris
264 1452 369 1547 fiunt,
410 1454 472 1524 sed
509 1456 578 1549 ita,
615 1455 646 1525 si
677 1466 759 1552 post
791 1467 939 1526 mortem
965 1457 1021 1526 avi
1047 1455 1084 1526 in
1097 1464 1320 1552 potestatem

141 1567 252 1662 patris
277 1567 330 1637 sni
355 1569 607 1638 recasuri-non
633 1578 731 1638 sunt:
755 1569 873 1666 itaque
898 1569 929 1639 si
946 1570 1117 1641 moriente
1135 1593 1202 1640 avo
1219 1577 1323 1666 pater

142 1705 264 1749 eorum
298 1689 334 1750 et
366 1680 453 1751 vivit
488 1691 523 1751 et
555 1681 591 1749 in
620 1690 794 1778 potestate
819 1682 1007 1778 patrissui
1032 1691 1216 1775 est,tuno
1242 1690 1324 1777 post

89 1799 92 1804 ’
142 1791 277 1863 obitum
307 1792 364 1863 avi
396 1793 433 1861 in
466 1802 640 1890 potestate
664 1794 775 1890 patris
799 1796 852 1865 sui
877 1793 989 1866 liunt:
1015 1796 1153 1867 sivero
1178 1793 1230 1886 is,
1254 1818 1327 1892 quo

143 1915 301 2000 tempore
330 1931 416 1976 avus
449 1907 611 2001 moritur,
643 1918 703 1979 aut
726 1907 796 1976 iam
821 1919 979 1980 mortuus
1004 1918 1058 1979 est
1083 1918 1142 1978 aut
1167 1905 1250 1977 exiit
1274 1899 1320 1976 de

58 2111 60 2118 Ι
142 2026 314 2114 potestate
339 2019 468 2114 patris,
493 2028 577 2090 tune
603 2018 659 2112 hi,
684 2020 767 2117 qnia
792 2021 829 2112 in
853 2031 1062 2118 potestatem
1088 2021 1162 2092 eius
1189 2017 1321 2094 eadere

16 2182 18 2188 .
54 2205 59 2216 Ι
142 2154 215 2199 non
238 2143 406 2226 possunt,
431 2132 486 2202 sui
510 2132 596 2204 iuris
620 2130 721 2203 liunt.
