2890 4616
470 37 834 125 turnasset.
1176 39 1243 111 aaa

57 231 172 313 tionis,
208 247 270 312 qua
302 225 375 292 fioto
407 248 440 292 se
470 227 584 293 herede
614 229 770 296 bonorum
802 234 926 315 emptor
956 229 1062 318 ngiffl)
1089 231 1277 299 Seruianae

18 331 41 420 i)
56 339 198 400 voantur.
234 335 268 418 [†
296 333 475 398 Publiciana
505 338 652 417 uocatu]
667 337 693 415 ἓ)
723 334 826 400 Datur
857 338 967 400 autem
989 338 1067 402 haeo
1090 341 1172 404 aotio
1195 338 1242 414 ei,

53 443 110 525 qui
135 462 172 506 ex
194 442 280 505 iusta
299 460 393 504 eausa
412 441 418 525 Ι
439 439 591 505 traditam
614 441 676 505 sibi
698 461 768 506 rem
784 440 927 505 nondum
943 445 1091 528 usuoepit
1110 463 1243 528 eamque
1266 462 1280 506 o

52 548 177 638 amispsa
190 547 216 631 3)
246 549 439 631 possessione
461 549 563 631 petit,
588 566 681 624 nam,
707 548 866 632 quianon
889 552 993 631 potest
1016 570 1085 615 eam
1109 571 1148 616 ex
1171 551 1240 614 iure
1264 569 1289 613 so

50 651 230 730 Quiritium
254 673 346 718 suam
369 672 435 718 esse
458 653 649 747 initendere,
674 649 808 740 fingitur
830 673 898 717 rem
923 658 1121 740 usuoepisse‚
1143 659 1175 721 et
1193 658 1240 721 ita
1264 642 1292 720 a

48 759 171 843 quas[i]
206 781 244 824 ex
274 761 344 824 iure
376 758 551 838 Quiritium
566 757 734 830 ¹delminus
756 758 859 822 faetus
882 764 965 823 esset
986 763 1125 827 intendit
1148 759 1240 828 velut
1264 781 1291 826 ra

47 864 108 928 hoo
140 865 253 930 modo:
288 866 404 944 „iudex
433 870 510 930 esto.
561 862 596 930 si
625 884 722 948 quem
742 865 747 947 Ι
768 863 933 929 hominem
964 864 1071 933 Aulus
1100 868 1237 955 Agerius
1261 889 1288 932 sa
1356 909 1357 912 =

47 970 143 1054 emit,
170 971 226 1056 [et]
250 973 278 1036 is
301 972 330 1036 ei
354 971 491 1037 traditus
514 975 579 1055 est,
604 990 685 1035 auno
708 969 919 1057 possedistset,
945 978 1017 1038 tum
1041 975 1068 1038 si
1089 995 1165 1040 eum
1183 972 1240 1038 ho·
1262 994 1288 1036 ss

44 1077 170 1142 minem
203 1078 241 1143 de
270 1098 332 1163 quo
357 1078 465 1165 agitur
488 1077 557 1142 eius
580 1097 619 1141 ex
641 1076 711 1140 iure
735 1075 911 1155 Quiritium
935 1099 1001 1144 esse
1024 1083 1183 1164 oporteret
1191 1078 1219 1163 ,''
1238 1077 1246 1166 Ι

18 1179 34 1262 ')
46 1186 78 1246 et
102 1183 237 1270 reliqua.
267 1185 358 1250 'Item
378 1184 492 1251 civitas
514 1183 659 1248 Romana
680 1182 847 1269 peregrino
870 1179 1019 1270 fingitur,
1045 1185 1072 1270 si
1096 1206 1131 1250 eo
1152 1184 1158 1270 l
1177 1204 1233 1249 no·
1256 1206 1290 1262 a,
1307 1203 1332 1248 ro

45 1288 133 1354 mine
157 1295 234 1378 agat
258 1296 314 1356 aut
338 1312 412 1356 oum
436 1311 472 1356 ao
492 1293 624 1376 agatur,
644 1308 706 1372 quo
727 1287 855 1353 nomine
874 1285 1236 1384 nostrislelgibusaetio
1259 1311 1306 1381 ¹⁷.

48 1395 223 1462 constitute
254 1401 317 1481 est,
348 1397 376 1461 si
406 1396 501 1463 modo
531 1396 654 1460 iustum
686 1394 744 1472 sit,
778 1414 848 1459 eam
871 1394 1027 1463 actionem
1048 1399 1053 1482 Ι
1075 1398 1173 1464 etiam
1197 1397 1237 1462 ad
1261 1418 1286 1462 rs

47 1503 255 1589 peregrinum
278 1503 422 1588 extendi,
446 1500 575 1580 velut⁴)
596 1502 600 1584 Ι
621 1501 655 1563 iu
674 1499 828 1577 formula,
853 1502 954 1587 Mune]
974 1503 1021 1567 ita
1040 1503 1234 1588 coneipitur:
1258 1521 1285 1566 so
1321 1517 1323 1522 ·

53 1606 172 1682 „iudex
201 1614 277 1674 esto.
311 1609 344 1674 si
375 1595 480 1698 patret
513 1609 545 1692 [a
575 1606 696 1670 Dianae
726 1606 869 1670 Hermaei
886 1608 961 1690 filio
993 1609 1028 1674 D.
1063 1609 1139 1674 litio
1156 1611 1236 1692 far·
1258 1627 1284 1672 so

46 1719 107 1776 tum
121 1715 349 1798 faetum.eaae''
372 1722 442 1779 uui:
468 1715 516 1791 „oi
533 1719 622 1796 paret
645 1715 710 1794 ope]
724 1714 750 1795 5)
775 1710 947 1778 consiliove
968 1712 1101 1780 Dinonis
1125 1713 1238 1801 [H]er·

47 1819 130 1882 maei
163 1817 223 1884 filii
252 1820 376 1885 turtum
405 1820 537 1914 sapatum
569 1837 635 1883 esee
666 1822 792 1910 paterae
820 1837 949 1896 aureae,
982 1840 1078 1905 qnam
1101 1820 1141 1885 ob
1165 1840 1234 1885 rem
1256 1839 1281 1883 er

47 1944 121 1988 eum
154 1925 181 1990 si
209 1918 289 1992 oiiis
317 1927 480 1992 Romanus
503 1929 584 1990 emet
604 1927 610 2006 Ι
629 1943 686 2008 pro
709 1924 779 1988 iure
800 1923 954 1988 damnum
979 1925 1122 1991 decidere
1144 1945 1235 2010 opor·
1256 1944 1283 1989 aa

47 2030 151 2095 teret''
176 2032 360 2117 etreliqua.
383 2031 388 2120 Ι
408 2031 491 2097 Item
515 2031 542 2096 si
565 2029 751 2116 peregrinus
773 2029 852 2094 furti
876 2035 952 2118 agat
975 2031 1089 2098 civitas
1113 2033 1143 2098 ei
1172 2031 1234 2096 Ro·
1256 2051 1284 2094 sa

47 2156 143 2201 mana
165 2133 316 2225 (inigitur.
364 2137 520 2203 Similiter
543 2137 570 2202 si
594 2157 632 2202 ex
652 2135 724 2222 lege
744 2136 874 2221 Aquilia
892 2137 1080 2224 peregrinus
1092 2135 1201 2202 damni
1215 2144 1232 2227 Ι)
1255 2155 1282 2199 as

44 2241 181 2308 iniuriae
212 2248 288 2330 agat
319 2248 375 2310 ant
404 2264 479 2309 oum
511 2263 547 2308 eo
580 2245 695 2329 agatur
717 2239 791 2306 fiota
814 2241 945 2308 civitate
970 2243 1116 2309 Romana
1140 2239 1231 2331 iudi-p
1303 2237 1369 2305 202

18 2344 34 2432 t)
53 2345 169 2432 [edum
211 2349 314 2414 datur.
371 2349 538 2414 Praeterea
579 2347 748 2432 aliquando
792 2344 945 2434 fingimus
987 2346 1198 2415 aduersarium
1227 2346 1267 2431 la
1300 2331 1372 2415 av³⁶)

45 2458 190 2518 nostrum
214 2455 317 2539 eapite
340 2454 547 2524 deminutum,
566 2472 627 2517 non
649 2473 733 2532 esse;
758 2473 832 2518 nam
857 2454 884 2518 si
904 2475 942 2519 ex
962 2452 1231 2521 oontraotunobis
1253 2474 1267 2518 a

46 2559 208 2649 obligatus
227 2559 419 2650 obliigataue
441 2561 483 2626 sit
507 2565 539 2625 et
562 2557 664 2644 eapite
688 2559 871 2625 deminutus
894 2559 1099 2626 deminutave
1121 2558 1229 2643 fuerit,
1252 2579 1266 2622 s

45 2665 134 2731 velut
164 2667 281 2732 mulier
308 2668 389 2753 iper
420 2665 669 2751 coemptionem,
698 2664 859 2730 masculus
889 2686 945 2750 per
973 2665 1267 2753 adrogationem‚5

46 2770 160 2837 desinit
183 2773 251 2838 iure
271 2774 276 2856 Ι
298 2771 387 2839 civili
409 2771 521 2838 debere
543 2770 651 2848 nobis3
674 2791 732 2835 neo
754 2769 873 2846 direoto
895 2770 1018 2837 intendi
1041 2774 1146 2857 potest
1170 2767 1231 2835 sibi
1253 2789 1267 2833 o

37 2880 227 2894 -.-.-......

86 2937 113 3007 1)
133 2941 174 2998 cs
191 2935 262 3010 'pgis
302 2937 413 2993 »Prima
432 2937 529 2992 littera
552 2937 603 2991 aut
620 2954 637 2990 α
657 2937 708 2990 aut
725 2954 739 2990 e
757 2935 839 2990 fuit‘.

84 3028 112 3099 2)
133 3029 277 3085 Huschke:
296 3027 445 3083 »Eiusdem
454 3026 563 3099 generis
573 3028 629 3092 est,
640 3042 711 3094 quae
722 3025 888 3082 Publiciana
897 3026 1039 3084 vocatur”.
1058 3010 1231 3096 Etproleeto

48 3117 104 3171 tale
120 3120 228 3189 aliquid
244 3119 339 3191 peritt.
356 3117 396 3172 St.
413 3117 476 3173 Ka:
495 3117 585 3173 »Item
596 3114 729 3185 usucapio
739 3116 855 3186 lingitur
864 3116 893 3171 in
904 3133 937 3172 ea
946 3116 1055 3172 actione
1064 3132 1136 3186 quae
1146 3114 1229 3170 eto.”.

83 3209 111 3275 3)
130 3208 170 3264 Cu
191 3209 346 3272 admissae.
399 3195 403 3207 x

82 3298 108 3363 4)
129 3299 164 3364 (si
194 3299 300 3354 lurtum
329 3296 406 3372 (siai)
434 3301 502 3369 agat
531 3313 623 3368 perag.
653 3303 668 3350 a
697 3300 720 3350 α’
747 3311 780 3351 eo
800 3299 876 3367 agat)
896 3297 925 3352 0.
946 3296 1024 3352 ouius
1042 3293 1230 3350 additamenti

46 3387 239 3454 explicationis
267 3403 351 3444 eausa
378 3387 527 3458 adscripti,
557 3387 689 3441 ultimum
718 3387 887 3442 vocabulum
917 3389 991 3442 nerse
1017 3384 1071 3440 fuit
1097 3386 1172 3455 agat’
1191 3403 1232 3438 =

46 3479 152 3543 agatur.
192 3476 245 3532 Sed
264 3494 299 3532 ex
316 3475 422 3536 verbis:
444 3477 534 3532 »Item
554 3477 577 3531 si
596 3475 744 3548 pereginus
764 3476 846 3548 (infra
864 3494 945 3532 versu
966 3477 1011 3543 23)
1026 3477 1095 3531 satis
1111 3475 1228 3543 apparet

47 3561 98 3619 hoo
115 3567 253 3638 glossema
272 3583 341 3622 esse,

82 3655 108 3724 5)
117 3656 361 3712 Praemonstrante
373 3653 520 3709 Goudsmit
529 3655 594 3709 libri
604 3652 680 3708 laud.
692 3673 719 3725 p.
730 3653 765 3707 80
776 3653 887 3721 addidi3
898 3654 952 3708 nisi
962 3655 1037 3724 quod
1046 3655 1094 3710 ille
1105 3655 1225 3725 scripsit:

48 3762 82 3796 »a
101 3747 186 3800 Dione
205 3747 329 3799 Hermues
338 3744 427 3814 filio''¹
447 3743 583 3814 Equidem
603 3744 678 3798 enim
695 3758 796 3797 nomen
813 3744 903 3798 Dinon
920 3744 961 3818 (in
979 3735 1173 3804 codioeestin
1184 3761 1226 3800 se-

44 3834 193 3899 quentibus
215 3831 376 3905 »Didonis'')
395 3833 598 3905 significantius
614 3837 673 3888 e'sse
694 3836 723 3887 et
742 3831 837 3902 aptius
856 3833 911 3887 furi
931 3835 1091 3901 censebam,
1111 3837 1220 3890 utnon

46 3907 205 3980 sine‘oausa
223 3924 385 3995 appellatur
405 3927 531 3980 Hermaei
548 3923 631 3979 iilius.
669 3923 722 3978 Pro
736 3924 794 3994 filii
811 3922 842 3976 in
863 3922 963 3978 Codice
982 3927 1036 3980 est:
1057 3925 1124 3982 filio.

81 4016 104 4074 ¹⁶)
124 4031 204 4084 »peg.
224 4015 344 4071 exterior
363 4031 397 4069 ex
416 4019 496 4084 parte
516 4015 663 4070 difficulter
681 4013 813 4084 legitur''.
