2880 4614
217 41 286 110 282
585 61 669 115 roso.
692 42 750 112 Ill.
775 61 854 116 uxr.
883 40 1038 128 §ta-5.

211 230 340 324 valuit,
376 241 499 302 contra
533 232 658 320 sentit,
682 233 765 328 quia
795 258 899 329 saepe
925 232 1146 330 quorundam
1170 231 1222 305 tta
1249 231 1379 326 pretirna

213 355 267 415 est
300 370 406 441 opera
441 345 477 412 in
503 345 695 435 societate,
720 355 759 414 ut
786 371 848 416 eos
873 347 1000 416 iustum
1027 347 1073 416 sit
1097 343 1244 415 meliore
1270 341 1379 412 condi·

210 459 313 528 cione
352 459 390 526 in
423 458 629 528 societatem
664 456 822 528 admitti:
848 485 929 528 nam
957 459 1067 529 etita
1094 458 1181 528 coiri
1208 481 1312 552 posse
1333 481 1381 526 so-

209 572 371 645 cietatem
397 597 470 640 non
489 569 693 654 dubitatur,
721 581 759 640 ut
784 570 873 670 aiter
897 573 1081 667 pecuniam
1104 569 1286 659 conferat,
1310 568 1381 638 altor

209 709 280 770 nou
317 683 477 754 conferat
510 695 545 752 et
578 693 697 754 tamen
730 682 867 753 lucrum
903 685 996 754 irater
1028 709 1091 754 eos
1118 706 1305 753 commune
1331 684 1381 773 sit,

208 797 291 893 quia
318 823 421 892 saepe
449 822 554 892 opera
577 795 727 866 alieuius
748 822 813 892 pro
834 799 983 893 pecunia
1004 797 1114 880 valet,
1135 801 1168 862 et
1188 795 1266 860 adeo
1288 801 1381 860 contu

209 909 321 989 Quinti
351 910 455 975 Mucii
485 913 675 975 sententiam
707 913 864 995 optinuit,
896 917 933 974 ut
961 911 1044 975 illud
1066 931 1192 996 quoque
1217 907 1380 974 constiterit

207 1037 297 1100 posse
321 1019 499 1093 convenire,
526 1021 564 1081 ut
587 1018 657 1100 quis
681 1015 762 1081 lucri
784 1022 908 1101 partem
932 1017 1031 1091 terat,
1057 1018 1172 1082 damno
1194 1035 1257 1080 non
1282 1021 1376 1077 tenea·

207 1126 280 1197 tur,
307 1122 388 1205 qnod
412 1126 445 1186 et
468 1124 575 1206 ipsum
595 1119 726 1186 Servius
747 1124 969 1188 convenienter
989 1124 1053 1188 sibi
1072 1123 1288 1186 existimarit:
1310 1119 1379 1202 quod

206 1232 315 1292 tamen
338 1229 384 1292 ita
406 1227 551 1313 intellegi
576 1231 714 1312 oportet,
740 1233 794 1310 ut,
816 1231 843 1291 si
866 1230 900 1291 in
925 1227 1086 1313 aliquare
1109 1227 1253 1302 lucrum,
1280 1227 1315 1288 in
1335 1224 1378 1288 ali·

205 1353 268 1418 qua
297 1333 450 1397 damnum
475 1332 609 1397 allatum
632 1335 692 1414 sit,
715 1336 971 1418 compensatione
993 1335 1077 1400 faeta
1101 1332 1204 1398 solum
1229 1331 1315 1416 quod
1336 1319 1378 1394 su·

203 1443 307 1524 pereat
337 1438 544 1526 intellegatur
572 1437 654 1524 lucri
684 1459 761 1504 esse.
808 1438 894 1504 Illud
917 1441 1102 1523 expeditum
1125 1444 1188 1521 cst,
1215 1440 1243 1501 si
1267 1439 1302 1500 in
1324 1457 1394 1500 unar

205 1564 299 1609 causa
333 1565 405 1630 pars
440 1546 536 1609 fuerit
568 1564 727 1628 expressa,
757 1543 862 1610 voluti
893 1547 926 1609 in
957 1545 1023 1610 solo
1053 1545 1141 1610 luero
1172 1543 1227 1610 vel
1258 1545 1294 1606 in
1324 1542 1379 1606 solo

204 1652 338 1734 damno,
370 1653 404 1715 in
435 1650 534 1715 altera
565 1669 636 1714 vero
660 1652 793 1714 omissa:
818 1652 852 1714 in
876 1671 911 1714 oo
935 1671 1059 1735 quoque
1082 1651 1165 1736 quod
1189 1650 1379 1735 praetermis

204 1777 276 1822 rum
308 1761 355 1822 est
388 1756 519 1822 eandem
549 1761 671 1839 partem
695 1759 823 1822 servari.
873 1756 999 1826 Manet
1023 1769 1138 1828 autem
1166 1757 1320 1826 societas
1344 1778 1396 1822 eor

201 1892 333 1964 usque,
359 1866 473 1936 donee
499 1866 536 1934 in
562 1865 686 1936 eodem
714 1894 890 1939 consensu
909 1871 1232 1965 perseveraverint:
1252 1879 1290 1938 at
1306 1893 1378 1938 eum

201 1979 328 2077 aliquis
349 1981 603 2048 renuntiaverit
623 1981 802 2074 societati,
823 1982 971 2054 solvitur
991 1986 1154 2054 societas.
1194 1981 1258 2062 sed
1282 1980 1378 2077 plane

197 2094 227 2164 si
260 2094 339 2190 quis
373 2091 501 2162 callide
535 2094 570 2162 in
607 2092 675 2163 lroc
712 2096 966 2166 renuntiaverit
1000 2098 1180 2188 societati,
1208 2107 1249 2166 ut
1273 2093 1378 2165 obve-

199 2206 299 2275 niens
326 2200 469 2303 aliquod
495 2204 632 2275 lucrum
661 2206 758 2276 solus
785 2206 930 2284 habeat.
959 2209 1067 2279 veluti
1094 2211 1123 2279 si
1150 2220 1303 2279 totorum
1322 2206 1378 2276 ho·

198 2344 322 2389 norum
350 2321 488 2411 socius,
515 2344 593 2388 cum
617 2318 662 2389 ab
687 2320 806 2416 aliquo
830 2320 933 2392 heres
955 2335 1049 2393 esset
1069 2322 1234 2413 relietuS,
1258 2323 1295 2390 in
1317 2319 1377 2389 hoc

197 2433 451 2503 renuntiaverit
481 2433 661 2523 societati,
692 2443 730 2502 ut
756 2432 986 2505 hereditatem
1013 2435 1109 2506 solus
1134 2435 1375 2512 lucrifaceret,

197 2546 336 2642 cogitur
369 2544 437 2615 hoc
463 2543 600 2615 lucrum
628 2548 909 2618 eommunicare:
933 2550 962 2619 si
988 2548 1073 2647 quid
1099 2575 1184 2620 vero
1210 2543 1306 2617 aliud
1332 2545 1377 2614 lu·

197 2656 398 2749 crifaceret,
424 2656 519 2753 quod
547 2662 855 2755 noueaptaverit,
879 2660 923 2732 ad
943 2664 1057 2758 ipsum
1075 2661 1189 2732 solum
1211 2660 1377 2755 pertinet:

195 2772 227 2841 ei
274 2797 377 2862 vero,
418 2772 473 2839 cui
514 2774 753 2842 renuntiatum
793 2786 867 2868 est,
907 2773 1079 2872 quidquid
1119 2774 1264 2844 omnino
1301 2783 1377 2867 post

191 2884 425 2954 renuntiatam
460 2885 664 2964 societatem
697 2884 916 2984 adquiritur,
943 2887 1010 2958 soli
1037 2883 1254 2958 conceditur.
1296 2883 1395 2955 Sol-c

190 2999 284 3068 vitur
318 2994 433 3066 adhuc
468 2999 619 3068 societas
658 3001 762 3070 etiam
797 3011 910 3071 morte
936 3003 1044 3094 socii,
1070 3001 1151 3099 quia
1182 3000 1242 3097 qui
1269 3000 1375 3068 socie·

192 3119 300 3180 tatem
336 3107 512 3179 contrahit
546 3122 679 3182 certam
715 3140 904 3209 personam
939 3113 1008 3185 sibi
1042 3114 1168 3211 elegit·
1211 3114 1266 3177 sed
1297 3116 1329 3177 et
1349 3114 1373 3175 si
1432 3193 1433 3230 1

195 3247 345 3291 consensu
370 3224 513 3309 plurium
536 3229 668 3291 societas
693 3231 776 3292 coita
799 3231 858 3313 sit,
883 3235 986 3296 morte
1008 3233 1103 3295 unius
1127 3228 1205 3294 socii
1225 3225 1371 3297 solvitur,
