3024 4574
549 88 605 137 ιιι
622 72 653 137 ι.
679 67 872 156 §sor-ao.
1255 73 1298 138 ιι

15 260 44 342 (§
54 255 107 344 67)
162 257 245 325 Item
284 263 311 326 si
350 262 430 326 aivis
463 257 627 332 Romanus
660 259 796 326 latinam
831 265 887 326 aut
919 263 1142 348 perogritnam
1166 281 1338 326 uxorema

121 364 249 432 duxerit
270 387 325 452 par
347 369 578 454 ignorantiam,
603 365 678 432 oum
702 387 773 432 eam
797 369 901 432 aivam
924 365 1104 432 Romanam
1123 367 1129 451 Ι
1150 386 1216 432 esse
1235 387 1299 431 ors·
1321 390 1334 432 a

119 471 221 550 deret,
254 478 286 538 et
316 469 422 538 filium
450 475 681 559 procreaverit,
717 472 770 538 hio
794 493 857 538 non
880 477 929 538 est
952 475 986 537 in
1006 473 1012 559 Ι
1031 475 1187 557 potestate
1210 475 1296 556 eius,
1320 496 1334 538 ι

119 580 195 663 quia
224 598 264 643 ne
287 580 367 644 civis
389 573 553 644 Romanus
576 578 705 662 quidam
720 575 746 662 1)
769 584 834 656 est,
856 577 911 642 sed
931 582 988 643 aut
1005 577 1125 643 latinus
1145 578 1151 664 Ι
1172 584 1228 644 aut
1247 600 1298 665 pe·
1322 604 1337 645 a

118 686 286 770 ragrinus,
318 684 353 748 id
383 687 431 749 est
462 686 529 749 eius
559 685 769 761 condicionis,
798 685 890 749 ouius
912 688 945 748 et
966 699 1070 749 mater
1090 683 1096 770 Ι
1115 683 1230 763 firorit,
1256 723 1290 733 -
1321 707 1336 750 a

117 791 194 873 quia
214 808 277 855 non
299 789 391 854 aliter
414 792 582 875 quisquam
606 791 647 856 ad
667 790 768 876 patris
787 788 1004 854 condicionem
1027 789 1179 877 asendit,
1200 811 1296 875 quam
1320 815 1333 856 r

118 896 147 958 si
173 897 257 960 inter
278 898 402 979 patrem
425 901 457 960 et
478 901 617 961 matrem
641 897 710 996 eius
734 894 928 960 connubium
952 896 1012 973 sit3
1040 932 1082 944 -
1106 896 1160 961 sed
1184 918 1223 961 ex
1246 896 1300 962 Se·

117 1004 212 1064 natus
243 998 385 1066 consulto
405 1000 411 1086 1
430 1003 631 1085 permittitur
664 1002 722 1084 [ei]
754 1020 883 1066 oausam
906 1001 1019 1064 erroris
1040 1009 1173 1085 probare
1197 1009 1229 1068 et
1250 1006 1334 1070 itas

116 1125 199 1170 uxor
223 1125 345 1190 quoque
367 1110 400 1171 et
422 1103 515 1184 filiius
539 1107 579 1172 ad
602 1109 768 1173 civitatem
787 1105 966 1172 Romanam
986 1109 1191 1190 perveniunt,
1216 1111 1298 1172 etex
1320 1129 1334 1173 ι

118 1231 156 1276 eo
186 1217 329 1297 tempore
356 1213 470 1297 insipit
491 1210 577 1278 filius
597 1214 602 1296 Ι
622 1215 657 1278 in
678 1216 835 1298 potestate
856 1214 956 1296 patris
979 1232 1055 1278 esse.
1103 1211 1192 1277 Idem
1216 1215 1295 1279 iuris
1319 1235 1346 1280 ιο

117 1323 183 1396 est,
204 1320 232 1382 si
251 1338 322 1383 eam
336 1339 393 1405 per
410 1313 637 1405 ignoirantiam
657 1338 789 1382 uxorem
808 1316 954 1396 duxerit,
977 1337 1057 1402 quae
1072 1316 1295 1384 dediticiorum
1319 1343 1343 1385 ιι
1458 1316 1462 1322 ’

7 1423 105 1511 (ι68)
119 1444 254 1490 numero
274 1426 280 1509 Ι
300 1430 364 1503 ιιι,
396 1427 460 1490 nisi
489 1424 574 1510 quod
602 1445 683 1490 uxor
712 1444 775 1489 non
805 1421 843 1488 fit
868 1424 948 1489 aivis
972 1421 1127 1488 Romana.
1161 1424 1244 1489 Item
1267 1427 1296 1490 si
1319 1447 1348 1490 ιι

117 1533 199 1596 aivis
228 1531 373 1597 Romana
392 1531 401 1612 i
417 1553 474 1617 per
503 1551 640 1596 errorem
663 1534 763 1616 nupta
787 1531 830 1593 sit
852 1531 1019 1616 peregrino
1041 1533 1207 1613 tamquam
1232 1533 1297 1596 oiri
1319 1552 1347 1594 ιι

115 1635 278 1714 Romano,
309 1638 521 1722 permitititur
550 1639 581 1702 si
612 1655 740 1701 oausam
770 1635 883 1700 erroris
911 1633 1043 1720 probare
1074 1638 1107 1699 et
1136 1636 1184 1700 ita
1210 1633 1295 1700 filius
1319 1657 1346 1701 ιι

116 1763 243 1829 quoque
266 1745 335 1808 eius
357 1747 390 1808 et
411 1739 555 1821 malritus
577 1741 618 1808 ad
641 1743 808 1808 civitatem
829 1738 1010 1806 Romanam
1031 1741 1234 1825 perveniant,
1260 1745 1293 1807 at
1315 1763 1341 1806 ιι

118 1869 218 1934 aeque
248 1847 347 1914 simul
374 1849 489 1934 inoipit
513 1845 612 1930 filiius
634 1848 669 1913 in
689 1849 846 1933 potestate
867 1845 967 1930 patris
991 1864 1069 1910 esse.
1102 1844 1193 1910 ldem
1214 1847 1294 1912 iuris
1317 1867 1343 1912 ιι

116 1959 183 2038 est,
213 1957 241 2020 si
266 1950 441 2042 pereigrino
471 1959 637 2038 tamquam
666 1952 767 2018 latino
793 1967 833 2016 ex
855 1949 927 2040 lege
948 1949 1041 2016 Aelia
1063 1948 1173 2017 Sentio
1194 1957 1294 2038 nupta
1316 1973 1342 2018 ιι

115 2061 176 2139 sit3
206 2080 283 2126 nam
328 2065 361 2126 et
391 2060 431 2140 ds
463 2057 523 2125 hoo
547 2060 646 2145 [roso]
659 2057 685 2138 ²)
709 2055 888 2144 specialiter
908 2056 1179 2124 senatusconsulto
1204 2079 1293 2125 eave·
1315 2082 1342 2127 ιι
1403 2089 1406 2094 ·

113 2170 178 2230 tur.
191 2166 218 2251 8)
257 2163 348 2230 Idem
368 2165 374 2250 1
393 2166 474 2231 iuris
495 2169 544 2232 est
566 2165 766 2250 aliquatenus
788 2165 816 2229 si
839 2166 886 2240 ei,
911 2165 968 2250 qui
989 2161 1213 2229 dedititiorum
1235 2186 1292 2229 nu·
1312 2187 1338 2231 ιι

113 2291 204 2336 mero
224 2271 230 2355 ι
251 2275 313 2348 ιιι,
342 2275 508 2355 tamquam
532 2271 597 2338 oiri
618 2269 761 2335 Romano
784 2273 840 2335 aut
862 2268 994 2348 Latino,
1017 2273 1055 2334 ut
1077 2269 1290 2352 secundum⁴)
1312 2291 1340 2336 ιο

114 2375 224 2464 legem
245 2374 373 2442 Aaiiam
396 2374 541 2442 Santiam
562 2381 663 2460 nupta
681 2376 687 2458 Ι
707 2376 769 2452 sit,
793 2376 857 2440 nisi
879 2374 964 2460 quod
985 2373 1108 2440 soiiioet
1129 2377 1185 2460 qui
1204 2376 1291 2442 dedi·
1313 2399 1338 2443 ιι

114 2484 266 2548 ticionum
288 2502 420 2548 numero
443 2483 547 2547 estin
570 2477 635 2560 sula
658 2480 841 2547 condicione
863 2484 1026 2568 permanat
1032 2496 1042 2560 3
1067 2484 1099 2545 et
1115 2471 1186 2546 ideo
1205 2479 1291 2548 filius
1313 2503 1342 2548 ιι

114 2589 262 2674 quamvis
278 2585 336 2654 fiat
355 2589 436 2655 aivis
453 2587 615 2652 Romanus
634 2587 640 2671 Ι
659 2587 894 2671 inpotestatem
905 2586 1251 2676 patrisnonrsdigitur.
1276 2589 1282 2672 Ι
1311 2609 1339 2654 ιι

6 2693 100 2786 569)
160 2692 243 2758 Item
281 2693 310 2756 si
344 2691 446 2760 latina
481 2693 664 2780 peregrino,
703 2711 776 2756 oum
813 2712 887 2757 eum
923 2691 1061 2757 latinum
1092 2711 1159 2758 esse
1193 2700 1288 2776 ars-n
1313 2714 1341 2760 ιι

146 3199 178 3270 1)
195 3213 231 3253 no
249 3196 364 3267 quidem
383 3215 406 3252 a.
426 3214 449 3250 r.
468 3195 499 3252 G.

145 3287 176 3359 2)
195 3285 230 3342 de
248 3286 337 3342 latino
358 3289 472 3342 sautum
490 3302 546 3340 non
566 3287 623 3352 est,
643 3283 691 3340 sed
710 3283 743 3340 de
761 3285 815 3341 oiri
831 3283 970 3348 Romana,
987 3283 1099 3353 quassi
1115 3300 1299 3353 pererratam

103 3377 197 3448 nupta
215 3375 263 3431 sit.

143 3519 174 3590 3)
193 3478 388 3604 aavetuRRId.
408 3517 437 3574 G.
458 3519 482 3574 oi
502 3517 621 3590 septima
638 3517 737 3573 littera
755 3517 781 3571 R
796 3515 861 3581 fuit,
881 3514 1299 3589 altaraRnotaestRubriaae3

102 3611 189 3691 sinp
207 3606 277 3672 fuit,
297 3607 388 3664 sariba
406 3607 521 3678 perinde
540 3611 591 3664 aut
608 3607 723 3678 proinde
743 3606 861 3663 seribere
879 3604 979 3661 voluit.

140 3704 172 3776 4)
190 3721 216 3758 a.
242 3720 271 3759 sa
295 3704 358 3776 loga
376 3693 402 3761 ι’.
420 3693 443 3761 ἶ.
474 3704 504 3761 (ι.
528 3703 729 3774 interpretatus
752 3720 814 3757 sum
837 3701 957 3772 primam
976 3719 994 3754 a
1013 3699 1139 3755 litteram
1158 3712 1205 3756 ant
1221 3703 1297 3772 quod

101 3793 215 3866 saepius
240 3794 422 3851 oonsunditur
441 3811 506 3850 eum
524 3793 625 3850 vocula
643 3803 683 3859 ut;
703 3795 734 3848 et
751 3811 777 3848 se
795 3791 906 3848 litteras
925 3789 1013 3848 statui
1031 3805 1090 3844 essa
1108 3792 1227 3862 scriptas
1245 3811 1297 3864 pro

100 3908 153 3946 sea.
181 3885 241 3944 Alii
259 3890 540 3962 quasisponmndda
559 3885 779 3959 dittographiam
798 3903 857 3942 esse
876 3889 1007 3958 statuunt
1025 3876 1051 3942 X
1066 3875 1092 3944 R
1107 3891 1137 3943 at
1151 3887 1262 3959 legunt:
1280 3907 1296 3944 e

100 3979 165 4050 lega
187 3977 269 4034 Aelia
288 3978 391 4036 Sentio.
420 3979 475 4036 Sed
499 3981 595 4034 ιιιιιιιι
619 3993 676 4033 non
701 3987 739 4032 eat
762 3978 853 4046 nupta
878 3994 892 4032 e
919 3977 994 4048 lege,
1021 3977 1070 4033 sad
1094 3977 1174 4032 velut
1199 3993 1296 4040 secun·

101 4067 171 4122 dum
189 4083 261 4124 eam.
