2890 4616
446 100 500 151 cn
522 67 582 161 iv,
602 55 643 168 bb
667 67 830 147 stass.
1159 68 1225 147 aas

37 282 93 345 bet
125 274 328 362 obligationis
356 273 440 358 iure,
464 271 555 339 velut
577 272 604 337 si
629 270 700 356 quis
722 272 770 337 ita
792 269 964 356 stipulatus
984 271 1027 336 sit
1047 268 1125 348 „HS
1145 273 1153 352 l
1171 271 1223 337 de·
1248 295 1297 349 aa

37 407 109 451 cem
139 383 230 448 milia
254 386 310 448 aut
333 379 497 446 hominem
522 378 670 445 Stichum
691 378 764 444 dare
789 377 923 463 spondes
933 374 964 442 i”
989 376 1101 442 deinde
1124 376 1226 452 alter-l

37 496 153 555 utrum
176 491 327 572 [m]crum
342 489 367 567 ¹)
391 507 430 552 ex
452 486 503 550 his
527 488 632 569 petat;
650 504 726 549 nam
746 483 1010 569 quamvispetab‚
1024 482 1229 566 quodminus
1251 509 1265 550 s

39 601 104 680 est,
135 595 208 680 plus
239 599 346 659 tamen
367 590 373 678 Ι
392 596 498 678 petere
522 590 664 673 videtur,
688 589 764 673 quia
786 593 890 675 potest
914 588 1111 655 adversarius
1134 588 1266 656 inter-a

39 704 120 767 dum
152 699 277 766 facilius
297 697 303 787 Ι
323 697 356 762 id
386 701 545 784 praestare
574 694 657 780 quod
681 715 743 760 non
767 694 898 778 petitur.
949 692 1108 759 Similiter
1119 694 1146 758 si
1159 695 1230 781 quis
1253 719 1266 762 r

39 828 145 896 genus
173 802 356 893 stipulaltus
387 803 445 879 sit,
475 800 588 866 deinde
611 800 749 885 speciem
773 804 889 885 petat‚-
903 799 994 864 velut
1016 799 1043 863 si
1066 799 1138 884 quis
1158 820 1233 885 pur·
1254 824 1269 868 s

38 933 157 998 puram
187 905 370 995 stiqullstus
401 907 444 972 sit
474 905 680 993 generaliter,
713 904 825 970 deinde
854 907 859 990 Ι
886 905 1020 992 Tyriam
1050 904 1230 990 specialiter
1251 928 1275 991 e,
1290 929 1314 972 se

40 1021 149 1103 petat3
175 1017 251 1102 quin
275 1016 375 1080 etiam
393 1012 501 1100 l[ic]et
523 1011 716 1077 vilissimam
739 1016 838 1097 petat,
859 1015 865 1095 Ι
885 1010 971 1076 idem
990 1013 1231 1097 iurisest,pro·
1253 1035 1277 1078 a

39 1129 112 1209 pter
137 1142 209 1188 eam
223 1119 248 1206 ²)
273 1121 447 1202 rationem,
472 1120 734 1203 quamproxime
759 1117 909 1183 diximus.
934 1118 939 1202 Ι
959 1116 1048 1182 Idem
1068 1119 1148 1182 iuris
1166 1123 1232 1196 est,
1256 1138 1282 1183 re

42 1233 69 1294 si
100 1230 175 1316 quis
207 1225 398 1314 generaliter
428 1224 589 1289 hominem
615 1218 799 1309 stipulaltus
823 1225 882 1301 sit,
907 1222 1019 1289 deinde
1042 1225 1232 1290 nominatim
1255 1247 1281 1290 ia

42 1333 187 1418 aliquem
222 1333 326 1416 petat,
361 1329 452 1397 velut
485 1325 649 1412 Stichum,
691 1332 837 1414 quamvis
864 1328 1071 1396 vilissimum.
1123 1327 1234 1414 ltaque
1257 1351 1283 1396 ra

42 1442 128 1504 sicut
152 1441 221 1524 ipsa
244 1435 410 1522 stipulatio
434 1439 583 1521 concepta
602 1436 608 1522 Ι
629 1440 695 1520 est,
716 1437 763 1500 ita
783 1439 815 1500 et
834 1437 969 1504 intentio
988 1433 1145 1500 formulae
1164 1454 1234 1501 con·
1257 1457 1283 1500 n

44 1548 108 1631 cipi
130 1545 238 1610 debet.

17 1661 31 1734 ¹)
87 1651 177 1718 lllud
201 1647 279 1717 satis
299 1651 305 1734 Ι
325 1653 456 1734 apparet
477 1650 512 1712 in
534 1649 665 1715 incertis
688 1647 836 1715 formulis
858 1647 931 1733 plus
953 1651 1021 1733 peti
1044 1670 1108 1715 non
1126 1671 1235 1736 posse,
1259 1675 1285 1718 rc

45 1761 122 1846 quia
143 1759 150 1845 Ι
170 1778 245 1824 cum
278 1762 364 1822 certa
393 1757 554 1840 quantitas
583 1775 646 1820 non
679 1759 822 1840 petatur,
848 1754 902 1820 sed
927 1756 1103 1841 „quidquid
1126 1754 1236 1823 adver·
1260 1781 1285 1824 u

45 1867 180 1962 scripum
212 1864 286 1929 dare
317 1862 420 1927 facere
451 1859 610 1946 oportere”
624 1861 650 1945 3)
680 1861 881 1944 intendatur,
913 1882 1006 1927 nemo
1036 1867 1141 1947 potest
1163 1862 1236 1948 plus
1260 1887 1286 1928 aa

42 1972 216 2038 intendere.
264 1968 354 2034 Idem
381 1966 388 2056 Ι
414 1968 494 2032 iuris
528 1971 576 2032 est
587 1968 612 2052 ⁴)
646 1969 674 2032 si
703 1968 738 2033 in
768 1989 837 2033 rem
866 1971 1004 2035 incertae
1032 1971 1132 2053 partis
1155 1973 1237 2039 actio
1261 1993 1286 2034 to

45 2079 121 2144 data
146 2077 197 2153 sit,
221 2074 313 2142 velut
333 2064 438 2153 taliis:
465 2080 639 2159 „quantam
666 2079 790 2160 partem
813 2080 903 2161 paret
926 2077 959 2139 in
983 2075 1150 2162 colundo,
1175 2098 1286 2163 quoae
1321 2164 1325 2170 .

49 2184 87 2248 de
117 2180 270 2274 agitem}
299 2180 414 2245 actoris
445 2178 547 2257 esse”;
583 2180 667 2265 quod
696 2201 799 2268 genus
823 2182 955 2246 actionis
979 2183 1013 2246 in
1035 2185 1237 2268 paucissimis
1259 2205 1283 2267 ar

50 2292 155 2355 causis
178 2286 259 2379 daqri
282 2285 372 2351 solet.
531 2314 534 2324 ·
1258 2311 1285 2355 aa

14 2394 37 2480 ὅ)
93 2395 178 2460 Item
201 2391 309 2480 palam
332 2397 399 2468 est,
425 2395 453 2457 si
473 2396 544 2476 quis
562 2393 651 2458 aliud
670 2415 727 2480 pro
747 2393 810 2459 alio
829 2394 1019 2470 intenderit,
1041 2396 1048 2476 Ι
1067 2395 1147 2460 nihil
1160 2417 1236 2461 eum
1258 2418 1285 2462 aa

49 2501 227 2586 periclitari
250 2519 387 2584 eumque
411 2520 449 2563 ex
472 2501 598 2587 integro
623 2521 716 2588 agere
740 2521 847 2585 posse,
874 2503 949 2585 quia
971 2499 1236 2568 nihilantevide·
1259 2524 1285 2568 aa

51 2613 104 2672 tur
128 2609 247 2694 egisse;
271 2605 362 2671 velut
385 2607 413 2669 si
424 2607 495 2689 quis
506 2605 669 2671 hominem
683 2604 830 2670 Stichum
847 2605 937 2692 [com]
950 2609 967 2681 ΙΙ
978 2600 1084 2691 petere
1097 2606 1239 2692 deberet,
1309 2607 1375 2672 208

53 2713 183 2780 Erotem
198 2713 360 2800 petierit,
393 2716 450 2776 aut
473 2713 500 2775 si
524 2714 597 2796 quis'
619 2733 658 2776 ex
681 2717 871 2777 testamento
896 2712 964 2777 dari
984 2711 990 2797 Ι
1009 2714 1071 2778 sibi
1095 2718 1237 2798 oportere
1259 2737 1273 2780 a
1302 2700 1374 2779 W)

52 2819 243 2892 intenderit,
270 2820 322 2882 cui
345 2838 384 2882 ex
408 2817 564 2903 stipulatu
585 2819 775 2896 debebatur,
798 2820 805 2902 Ι
824 2824 880 2883 aut
899 2818 926 2882 si
947 2821 1090 2906 cognitor
1102 2824 1158 2884 aut
1169 2841 1240 2906 pro·
1262 2843 1275 2886 a

14 2925 42 3011 b)
56 2931 181 2992 curator
208 2924 381 2989 intenderit
403 2925 464 2989 sibi
487 2924 555 2989 dari
578 2929 731 3010 oportere.
780 2923 842 2990 Sed
863 2923 869 3011 Ι
889 2922 962 3010 plus
985 2925 1113 3007 quidem
1136 2928 1275 2992 intent

55 3033 128 3098 dere
159 3034 243 3099 sicut
274 3025 369 3114 supra
401 3029 541 3094 diximus
566 3031 781 3115 periculosum
801 3029 807 3118 1
828 3037 892 3116 est,
924 3034 1032 3096 minus
1061 3037 1169 3097 autem
1192 3035 1276 3098 in·s

55 3138 182 3204 tendere
204 3135 293 3214 licet,
322 3136 377 3201 sed
400 3135 438 3201 de
461 3135 582 3222 reliquo
606 3139 691 3203 intra
702 3120 862 3228 ⁴eiusldem
875 3143 1056 3223 praeturam
1070 3158 1163 3226 agere
1177 3159 1240 3205 non
1262 3163 1276 3204 s

56 3246 271 3330 permittitnr3
305 3244 414 3328 new)
449 3245 505 3328 qui
535 3246 582 3309 ita
611 3246 682 3331 agit
711 3265 767 3326 per
791 3245 1019 3329 exlceptionem
1043 3244 1238 3323 excluditur,
1263 3267 1276 3310 τ

99 3427 127 3496 1)
147 3425 186 3480 Ga
213 3425 268 3479 eor’
293 3443 331 3476 =
354 3439 458 3478 eorum.
484 3423 553 3478 Hie:
584 3422 682 3478 solnm.
727 3423 816 3478 Nemo
851 3422 948 3492 utique
978 3422 1109 3480 defendet
1138 3423 1239 3479 Gaium

62 3515 216 3585 scripsisse:
243 3517 396 3568 admocum
420 3532 507 3568 eoram
531 3531 562 3568 aa
586 3515 641 3578 bis,
669 3515 721 3568 aut
745 3529 801 3567 non
827 3511 977 3568 desiderari
1002 3512 1144 3568 notionem
1163 3530 1247 3582 qnam

63 3621 113 3676 ego
132 3604 231 3660 vocula
251 3603 394 3658 ’merum'
411 3601 582 3657 reddendum
598 3619 656 3656 esse
672 3602 804 3672 putarim.
830 3601 978 3658 Caeterum
999 3602 1033 3657 cl.
1054 3603 1079 3658 1.
1100 3606 1116 3672 ς
1138 3603 1182 3657 61.

98 3696 127 3757 2)
148 3694 187 3750 Ca
207 3710 354 3764 pappeam.
376 3693 454 3760 Quod
474 3692 605 3748 mendum
623 3694 722 3748 natum
742 3694 785 3747 est
804 3709 853 3748 ex:
873 3691 976 3769 p'peam
995 3708 1059 3762 pro:
1072 3687 1189 3762 p-peam.

99 3783 127 3851 3)
148 3783 187 3840 Ga
207 3784 297 3839 steret
316 3785 364 3852 (z
383 3785 541 3853 oporteret).
561 3782 628 3837 Hie:
649 3783 776 3852 oportere
797 3784 930 3855 [parea]t.

98 3875 127 3942 4)
147 3875 200 3940 (ab)
219 3873 250 3929 C.

100 3966 123 4030 ¹⁵)
142 3962 267 4034 »Pagina
284 3962 401 4019 interior
419 3962 551 4020 facillime
569 3961 700 4035 legitur.”

101 4052 130 4125 5)
149 4052 189 4108 Oa
208 4052 236 4108 n'
256 4053 304 4126 (=
322 4052 391 4111 nec).
448 4130 450 4134 Ι
