2916 4604
225 79 290 148 138
492 95 576 146 meu.
589 77 630 143 Il.
654 97 736 145 xxm.
760 75 823 163 §a
854 97 909 146 xx.
924 77 960 163 §h
973 74 1118 142 34-36.

223 273 328 356 partes
358 269 443 334 inter
470 267 642 354 legatarios
665 265 916 342 distribuantur,
940 285 998 350 pro
1022 271 1092 330 rata
1114 264 1239 332 seilicet
1260 268 1385 351 portione

223 377 310 451 e'ius,
341 373 426 458 quod
458 374 573 458 auique
604 391 714 438 eorum
736 369 883 458 legatum
906 369 1014 436 fuerit.
1059 373 1169 456 itaque
1195 373 1223 436 si
1246 369 1387 458 tingamus

222 467 470 568 quadringentos
499 498 609 544 aureos
640 476 764 564 legatos
796 495 863 541 esse
895 480 927 540 et
958 477 1143 560 patrimonii
1173 479 1387 561 quantitatem,

19 543 24 568 ἱ
147 570 149 576 ’
223 607 263 652 ex
289 606 353 672 qua
382 583 503 671 legata,
521 585 646 671 erogari
673 586 814 668 oportet,
846 581 1152 669 quadringentorum
1183 603 1267 666 esse,
1292 588 1388 667 quarta

221 713 294 778 pars
324 689 462 778 singulis
491 689 657 777 legatariis
687 685 812 753 detrahi
842 685 947 752 debet.
994 687 1107 773 quodsi
1135 691 1291 752 1111111111
1313 689 1389 772 quin-

222 798 377 884 quaginta
398 795 522 883 legatos
539 793 718 882 fingamus,
743 797 857 860 octava
878 792 973 858 debet
995 793 1129 858 detrahi.
1176 793 1290 879 quodsi
1312 795 1390 877 quin·

220 907 333 992 gentos
366 900 523 989 legaverit
556 901 651 965 initio
681 901 810 984 quinta,
842 896 956 963 deinde
987 903 1100 984 quarta
1131 898 1255 964 detrahi
1291 899 1389 964 debet:

141 1030 161 1058 ’π
181 1034 193 1068 a·
221 1013 294 1074 aute
325 1009 412 1072 enim
442 1005 673 1074 detrahendum
700 1010 765 1081 est,
789 1003 875 1089 qnod
899 1009 988 1069 entra
1012 1004 1168 1068 bonorum
1190 1005 1391 1089 quantitatem

226 1118 291 1191 est,
316 1111 429 1178 deinde
451 1111 535 1196 quod
558 1133 597 1177 ex
620 1110 713 1176 bonis
733 1110 819 1196 apud
841 1108 992 1175 heredem
1014 1129 1177 1174 remanere
1200 1113 1333 1194 oportet.

268 1303 408 1398 1111111
439 1302 579 1378 heredis
604 1303 860 1374 institutionem
883 1302 1055 1374 inutiliter
1080 1309 1172 1370 antea
1195 1302 1417 1402 legabaturpt

218 1417 357 1490 scilicet
389 1419 471 1515 qnia
500 1426 708 1487 testamenta
733 1417 804 1486 vim
837 1441 880 1486 ex
906 1416 1126 1487 institutione
1150 1414 1320 1486 heredum
1345 1441 1392 1486 aa·

216 1531 351 1628 cipiunt
385 1539 421 1600 et
455 1527 502 1600 ob
535 1528 572 1598 id
608 1526 715 1599 veluti
746 1537 848 1624 caput
876 1537 981 1625 atque
1008 1527 1275 1612 fundamentum
1302 1527 1393 1598 intel·

218 1642 348 1742 legitur
379 1642 488 1712 totius
521 1641 722 1712 testamenti
752 1638 892 1710 heredis
922 1641 1106 1711 institutio.
1160 1641 1238 1738 pari
1266 1642 1395 1710 ratione

217 1781 284 1826 nec
320 1753 465 1824 libertas
499 1764 581 1824 ante
615 1751 755 1825 heredis
780 1753 1035 1823 institutionem
1060 1751 1136 1823 dari
1161 1762 1312 1850 poterat.
1347 1754 1394 1819 sed

128 1859 134 1894 ³
194 1871 296 1955 -quie
326 1866 457 1933 incivile
489 1887 555 1932 sese
584 1866 772 1952 putavimus
794 1865 938 1931 ordinem
962 1865 1091 1951 quidem
1115 1867 1291 1952 scripturae
1314 1867 1393 1950 sequi

190 1983 196 2068 J
221 1973 371 2058 -quod
405 1977 438 2037 et
471 1973 535 2057 ipsi
571 1973 756 2056 antiquitati
790 1971 1040 2056 vituperandum
1073 1971 1177 2037 iuerat
1207 1974 1316 2037 visum
1348 2008 1393 2046 -,

219 2081 326 2164 sperni
348 2083 456 2143 autem
478 2079 638 2142 testatoris
660 2075 880 2142 voluntatem:
904 2097 962 2161 per
979 2082 1120 2142 nostram
1142 2079 1394 2143 constitutionem

158 2187 187 2224 ⁵·
221 2189 253 2249 et
282 2183 342 2249 hoo
368 2186 487 2250 vitium
508 2182 770 2259 emendavimus,
794 2189 831 2247 ut
853 2181 949 2248 liceat
972 2188 1005 2248 et
1028 2189 1101 2248 ante
1123 2183 1248 2250 heredis
1270 2185 1390 2250 institu-

218 2291 339 2354 tionem
371 2293 403 2354 et
431 2287 515 2354 inter
543 2287 665 2353 medias
694 2287 849 2352 heredum
878 2291 1096 2354 institutiones
1124 2287 1271 2376 legatum
1306 2288 1393 2353 relin-

216 2414 311 2479 quere
342 2399 375 2460 et
403 2394 508 2459 multo
540 2394 646 2480 magis
675 2391 877 2470 libertatem,
902 2395 993 2458 ouius
1015 2415 1092 2458 usus
1114 2393 1321 2460 favorabilior
1343 2397 1392 2458 est.

212 2497 305 2569 Post
334 2508 483 2569 mortem
518 2522 658 2594 quoque
692 2495 833 2567 heredis
863 2509 923 2567 aut
961 2497 1125 2596 legatarii
1159 2498 1267 2568 simili
1293 2496 1418 2568 modos

212 2611 386 2683 inutiliter
420 2609 624 2709 legabatur:
658 2609 764 2680 veluti
799 2613 829 2680 si
854 2612 934 2708 quis
959 2611 1007 2681 ita
1034 2611 1151 2682 dicat:
1177 2613 1271 2682 ‘cum
1297 2610 1392 2680 heres

214 2749 313 2794 mens
338 2733 496 2793 mortuus
523 2723 607 2814 erit,
631 2721 677 2790 do
703 2722 811 2820 lego’:
837 2725 921 2794 item
947 2723 1063 2820 pridie
1089 2749 1196 2821 quam
1219 2721 1324 2792 heres
1341 2731 1392 2791 aut

126 2879 130 2884 -
210 2834 403 2933 legatarius
428 2835 616 2904 morietur’.
657 2835 711 2901 sed
741 2836 841 2902 simili
871 2837 965 2902 modo
993 2841 1026 2902 et
1048 2838 1108 2903 hoo
1131 2838 1326 2902 correximus
1348 2833 1390 2898 fir-

212 2951 373 3013 mitatem·
392 2947 576 3013 huiusmodi
598 2946 715 3035 legatis
739 2949 779 3013 ad
803 2947 1123 3014 fideicommissorum
1148 2947 1389 3013 similitudinem

212 3058 425 3139 praestantes,
448 3073 488 3118 ne
511 3052 564 3119 vel
587 3055 621 3116 in
643 3052 703 3118 hoo
728 3074 803 3120 oasu
827 3055 964 3120 deterior
982 3047 1077 3120 eausa
1096 3055 1279 3142 legatorum
1298 3073 1388 3139 quam

71 3221 78 3246 ὲ
211 3157 530 3230 fideicommissorum
553 3160 744 3224 inveniatur.
783 3159 930 3230 Poenae
951 3163 1093 3260 quoquc
1116 3161 1260 3230 nomine
1282 3159 1414 3226 inuti-a

208 3269 297 3364 liter·
308 3267 494 3368 legabatur
510 3279 542 3338 et
559 3273 759 3354 adimebatur
778 3273 829 3340 vel
847 3274 1104 3344 transferebatur.
1132 3297 1267 3368 poenae
1279 3281 1388 3340 autem

206 3384 350 3456 nomine
372 3381 486 3482 legari
509 3383 668 3478 videtur,
688 3383 784 3482 quod
808 3382 997 3456 coercendi
1008 3383 1151 3455 heredis
1165 3409 1271 3455 causa
1283 3382 1389 3454 relin-

205 3497 339 3596 quitur,
365 3521 436 3594 quo
462 3497 576 3594 magis
599 3498 630 3567 is
656 3496 789 3594 aliquid
815 3490 1008 3567 1111111111
1034 3523 1106 3567 non
1131 3497 1258 3567 faciat:
1286 3495 1387 3566 veluti

202 3609 236 3678 'si
261 3603 414 3706 quisita
441 3610 643 3706 scripserit:
668 3609 784 3680 ‘heres
811 3635 909 3679 meus
935 3609 966 3679 si
994 3607 1102 3679 liliam
1129 3637 1227 3680 suam
1252 3611 1288 3678 in
1315 3635 1386 3678 ma·

204 3723 407 3792 trimonium
441 3723 540 3793 Titio
575 3721 813 3793 collocaverit'·
835 3763 884 3812 -5
908 3720 965 3792 vel
1000 3746 1043 3792 ex
1077 3721 1219 3794 diverso
1250 3724 1292 3793 ‘si
1320 3748 1385 3792 non

201 3833 445 3906 collocaverit’
463 3876 522 3922 -‚
547 3833 646 3906 ‘dato
665 3835 787 3906 decem
801 3853 928 3904 aureos
940 3833 1049 3926 Seio’,
1060 3838 1217 3902 autsiita
1227 3837 1382 3922 scripserit

237 4106 267 4176 1)
287 4103 376 4161 risun
392 4103 475 4159 heus
491 4104 558 4161 xxi.
575 4107 632 4176 ep·
647 4105 755 4160 ee-sa
775 4103 881 4160 videbis
896 4103 970 4159 mera
989 4101 1194 4176 opposueras
1205 4101 1323 4175 111111
1334 4120 1388 4173 sqq.
