2916 4604
590 33 986 126 mmdsta§ffl-a.

527 251 720 334 LIBER
758 254 1045 336 TERTIUS.

775 455 801 526 1.

239 595 289 653 DE
309 590 617 658 HEREDITATIBUS
639 593 746 670 odat·
760 594 811 658 AB
831 595 1045 660 INTESTATO
1067 598 1333 662 assentatus.

242 758 416 823 Intestatus
451 759 593 836 decedit,
625 761 680 844 qui
711 767 767 826 aut
798 763 925 828 omnino
956 767 1184 829 testamentum
1214 783 1277 827 non
1298 762 1380 827 fecit

197 869 252 928 aut
282 886 344 930 non
373 867 443 929 iure
473 865 550 929 fecit
580 871 637 930 aut
662 867 696 931 id
720 869 804 952 quod
828 869 945 966 feceret
967 876 1100 956 ruptum
1120 871 1290 935 irritumve
1315 869 1380 932 fac-

195 975 267 1036 tum
290 976 338 1036 est
361 976 417 1036 aut
439 991 534 1036 nemo
558 992 597 1036 ex
619 993 656 1037 eo
679 973 769 1038 heres
793 977 912 1040 extitit.

248 1079 500 1146 lntestatorum
535 1086 650 1147 autem
680 1077 895 1150 hereditates
921 1106 963 1150 ex
989 1079 1069 1178 lege
1095 1079 1283 1150 duodecim
1315 1091 1406 1149 tat-1

194 1188 356 1258 hularum
391 1189 542 1285 primum
569 1187 612 1258 ad
640 1217 723 1261 suos
749 1191 899 1262 heredes
924 1195 1114 1289 pertinent.
1167 1193 1232 1263 Sui
1259 1203 1384 1263 autem

195 1301 345 1372 heredes
380 1303 638 1385 existimantur,
663 1313 702 1372 ut
728 1315 762 1374 et
788 1331 891 1400 supra
921 1303 1093 1399 diximus,
1118 1306 1240 1402 quiin
1266 1316 1410 1401 pote-a

197 1425 286 1485 state
317 1415 499 1485 morientis
524 1414 685 1486 suerunt:
710 1416 819 1487 veluti
844 1417 939 1487 lilius
964 1417 1056 1504 lilia,
1082 1445 1192 1515 nepos
1218 1421 1385 1515 neptisve

198 1554 239 1600 ex
266 1527 362 1620 filio,
384 1554 562 1624 pronepos
586 1531 813 1626 proneptisve
839 1555 881 1600 ex
908 1540 1035 1626 nepote
1060 1531 1135 1601 lilio
1161 1541 1266 1622 nato,
1291 1559 1387 1630 pro·

196 1651 325 1739 gnatus
345 1651 587 1739 prognatave.
641 1668 705 1712 nec
739 1644 906 1727 interest,
939 1653 1056 1714 utrum
1094 1644 1270 1715 naturales
1298 1656 1388 1716 sunt

194 1753 297 1828 liberi
332 1781 376 1824 an
412 1753 578 1850 adoptivi.
631 1755 754 1836 Quibus
784 1759 1005 1822 connumerari
1035 1779 1159 1824 necesse
1191 1765 1238 1824 est
1269 1762 1409 1826 etiamr·

197 1889 267 1951 eos,
301 1871 356 1953 qui
380 1891 419 1932 ex
441 1868 600 1956 legitimis
623 1870 752 1954 quidem
775 1871 989 1935 matrimoniis
1011 1891 1073 1935 non
1097 1876 1171 1935 sunt
1192 1876 1383 1959 progeniti,

67 2004 73 2009 ·
199 1977 296 2039 curiis
316 1979 425 2039 tamen
442 1977 611 2041 civitatum
633 1977 699 2041 dati
716 1976 888 2041 secundum
909 1975 1067 2042 divalium
1087 1979 1381 2057 constitutionum,

198 2100 277 2165 quaa
308 2100 401 2164 super
433 2081 484 2145 his
514 2084 634 2166 positae
664 2087 752 2156 sunt,
777 2087 916 2148 tenorem
943 2102 1072 2147 suorum
1095 2085 1166 2146 iura
1188 2085 1382 2150 nanciscun-

196 2191 270 2252 tur:
302 2207 359 2251 nec
389 2207 451 2250 non
482 2207 549 2261 eos,
582 2208 660 2272 quos
682 2193 806 2254 nostrae
831 2185 995 2272 amplexae
1019 2193 1093 2252 sunt
1116 2190 1380 2268 constitutiones,

197 2315 253 2380 per
279 2314 357 2379 quas
379 2295 550 2377 iussimus,
576 2296 603 2359 si
627 2297 697 2379 quis
720 2294 890 2359 mulierem
913 2297 947 2358 in
972 2315 1028 2358 suo
1051 2295 1256 2360 contubernio
1279 2318 1381 2382 copu-

195 2399 310 2466 laverit
333 2420 395 2464 non
419 2401 458 2463 ab
481 2401 575 2464 initio
599 2399 761 2466 affectione
784 2399 944 2476 maritali,
968 2420 1038 2465 eam
1063 2405 1187 2477 tamen,
1213 2421 1287 2466 cum
1316 2425 1381 2488 qua

196 2511 320 2591 poterat
350 2505 466 2571 habere
499 2507 702 2593 coniugium,
735 2510 767 2570 et
793 2527 832 2570 ex
857 2527 894 2571 ea
916 2504 1034 2570 liberos
1057 2506 1241 2590 sustulerit,
1265 2513 1382 2592 postea

196 2633 271 2678 vero
302 2612 464 2678 affectione
495 2612 681 2696 procedente
705 2614 809 2678 etiam·
826 2609 983 2696 nuptialia
1005 2613 1217 2677 iustrumenta
1240 2635 1319 2680 eum
1345 2637 1380 2682 ea

196 2719 305 2784 fecerit
332 2709 485 2803 filiosque
500 2716 553 2784 val
576 2716 657 2782 filias
679 2718 845 2783 habuerit:
870 2710 933 2782 non
956 2716 1060 2784 solum
1084 2739 1137 2783 eos
1159 2718 1293 2798 liberos,
1323 2724 1379 2807 qui

197 2828 269 2910 post
292 2824 399 2889 dotem
422 2824 501 2888 editi
525 2829 612 2899 sunt,
639 2826 740 2889 iustos
763 2829 795 2890 et
818 2826 852 2888 in
874 2829 1031 2909 potestate
1051 2844 1118 2890 asse
1136 2826 1299 2910 patribus,
1324 2829 1378 2895 sed

196 2931 294 2996 etiam
326 2930 516 3003 anteriores,
550 2931 605 3014 qui
635 2934 668 2994 et
697 2929 749 2995 his
780 2931 837 3014 qui
858 2935 967 3014 postea
990 2931 1058 2995 nati
1080 2935 1155 2995 sunt
1178 2935 1378 2999 occasionem

197 3033 338 3122 legitimi
356 3035 494 3099 nominis
506 3032 757 3119 rpraestiterunt:
779 3035 863 3120 quod
883 3037 1025 3120 optinere
1036 3037 1235 3114 censuimus,
1250 3041 1376 3105 etiamsi

195 3161 258 3204 non
276 3143 437 3229 progeniti
456 3139 574 3206 fi1erint
594 3145 665 3226 post
685 3140 790 3206 dotale
809 3143 1061 3206 instrumentum
1082 3141 1263 3209 confectum
1281 3143 1375 3211 liberi

195 3245 248 3311 vel
270 3248 369 3313 etiam
391 3248 458 3312 nati
482 3247 521 3312 ab
541 3248 600 3312 hac
623 3247 695 3312 luce
719 3248 875 3314 subtracti
897 3247 1024 3336 fuerint.
1074 3247 1130 3317 lta
1153 3246 1296 3319 demum
1319 3261 1371 3320 ta·
1383 3251 1406 3316 al

195 3385 276 3430 meu
303 3384 413 3455 nepos
439 3359 598 3455 neptisve
625 3369 660 3429 et
684 3384 861 3455 pronepos
886 3361 1113 3455 proneptisve
1139 3387 1284 3432 suorum
1310 3362 1375 3434 he-

195 3471 317 3542 redum
352 3498 499 3542 numero
533 3483 635 3564 sunt,
670 3473 700 3542 si
730 3470 948 3568 praecedens
977 3498 1128 3569 persona
1164 3473 1311 3545 desierit
1337 3477 1372 3544 in

197 3594 370 3683 potestate
403 3587 558 3682 parentis
592 3610 686 3670 esse,
710 3586 782 3654 sive
808 3595 920 3654 morte
946 3583 982 3654 id
1009 3585 1181 3657 acciderit
1205 3590 1280 3658 sive
1308 3589 1371 3659 alia

192 3700 345 3782 ratione,
372 3696 479 3768 veluti
502 3691 801 3795 emancipatione:
824 3725 903 3767 nam
927 3699 957 3768 si
977 3724 1041 3794 per
1061 3698 1098 3768 id
1122 3710 1279 3796 tempus,
1305 3730 1369 3801 quo

193 3813 272 3910 quis
292 3823 522 3904 moreretur,
553 3811 647 3882 {ilius
672 3813 709 3881 in
735 3821 908 3907 potestate
933 3811 1007 3882 eius
1033 3813 1098 3905 sit,
1124 3840 1236 3910 nepos
1262 3842 1306 3886 ex
1333 3843 1369 3887 eo

192 3952 275 3996 suus
304 3924 407 3995 heres
433 3950 510 3994 esse
536 3951 608 3994 non
628 3934 757 4020 potest
808 3924 915 4022 idque
941 3926 1034 3996 etin
1056 3927 1183 3997 ceteris
1204 3927 1367 4026 deinceps

190 4038 381 4109 liberorum
409 4039 570 4132 personis
597 4036 730 4108 dictum
749 4037 1002 4136 intellegimus.
1037 4042 1191 4134 postumi
1215 4067 1366 4140 quoque,
