2890 4616
238 53 304 120 304
632 71 716 123 ruer.
739 49 793 123 IV.
816 75 839 122 1.
863 53 900 142 ξς
921 49 961 142 8,
986 50 1019 125 4.

280 245 471 313 Manifestus
488 245 540 310 fur
552 249 616 324 esi,
630 267 725 332 quem
738 243 852 313 Graeci
864 249 913 312 ἐπ’
927 249 1094 330 αὐτοφώρῳ
1106 246 1283 334 appellunt:
1295 267 1341 315 nee
1350 271 1380 317 se
1422 246 1423 249 ’

236 353 306 418 lum
322 355 350 418 is
370 355 425 438 qui
445 352 478 416 in
498 355 567 438 ipso
579 352 664 419 furio
677 354 938 439 deprehenditur,
952 356 1006 420 sed
1018 358 1116 420 eiiam
1127 356 1156 419 is
1168 358 1224 441 qui
1235 355 1339 422 eoloco
1348 358 1380 424 de

235 460 455 546 prehenditur,
475 480 536 544 quo
557 457 610 536 fit,
630 459 732 528 veluti
750 463 806 546 qni
822 462 855 524 in
877 461 970 526 domo
989 460 1111 526 furtum
1130 462 1207 527 fecii
1228 469 1259 527 ei
1274 464 1383 528 nondun

235 587 380 654 egressus
398 568 527 632 ienuam
548 566 757 652 deprehensus
776 567 888 638 fuerit,
903 571 934 632 et
946 569 1047 653 quiin
1058 566 1176 634 oliveto
1187 569 1383 636 oliverumeui

234 676 269 739 in
291 676 399 740 vineto
418 694 555 738 uvarum
574 673 698 738 furium
717 673 794 739 feeit
811 673 965 759 quamdiu
988 676 1022 738 in
1045 694 1081 739 eo
1103 672 1223 741 oliveto
1246 679 1384 742 eui-inri-

234 785 307 846 neto
342 780 394 844 fur
427 779 638 866 deprehensus
668 783 726 845 sii:
758 782 859 846 immo
888 779 1022 846 ulterius
1053 780 1177 846 furtum
1208 783 1386 848 menifestum

234 886 468 953 extendendum
492 891 558 971 est,
582 886 737 971 quamdiu
756 907 827 951 eem
846 906 915 951 rem
935 885 986 951 fur
1005 892 1113 952 tenens
1131 891 1220 954 visus
1238 888 1294 955 vel
1309 889 1387 973 depre

234 992 352 1058 hensue
382 994 478 1059 suerii
501 995 569 1060 eive
591 995 625 1058 in
648 992 777 1078 publico
801 995 869 1058 sive
890 995 925 1057 in
946 994 1071 1078 privato
1093 993 1146 1060 vel
1169 1015 1188 1060 e
1210 995 1337 1061 domino
1356 994 1389 1060 rel

234 1101 273 1165 eb
298 1100 376 1185 elio,
400 1106 570 1186 antequem
594 1120 630 1166 eo
653 1101 849 1185 perveniret,
871 1119 934 1184 quo
958 1100 1094 1184 perferre
1117 1121 1153 1166 ec
1176 1102 1329 1187 deponere
1344 1123 1390 1165 reu

235 1206 429 1273 destinasset.
477 1208 532 1272 sed
562 1210 590 1273 si
618 1207 752 1292 pertulit
783 1227 844 1291 quo
876 1205 1065 1290 destinavit,
1093 1211 1222 1272 temetsi
1246 1209 1391 1294 deprehen-

235 1313 328 1379 detur
358 1335 432 1380 eum
462 1334 495 1379 re
521 1313 657 1392 furtive,
684 1334 747 1380 non
770 1319 818 1379 est
840 1312 1028 1378 manifestus
1050 1313 1111 1378 fur.
1161 1338 1225 1382 nec
1251 1313 1391 1383 manifes-

232 1436 306 1497 tum
339 1426 469 1496 firrtum
503 1426 588 1525 quid
620 1428 688 1520 sit,
718 1453 761 1498 ex
794 1426 849 1496 his
882 1451 972 1524 quae
1006 1425 1156 1496 diximus
1180 1425 1393 1524 intellegitur:

234 1565 315 1610 nem
349 1539 445 1637 quod
477 1541 700 1612 menifestum
724 1568 796 1611 nou
825 1552 898 1632 est,
922 1539 960 1609 id
985 1539 1123 1611 scilicet
1146 1563 1212 1610 nec
1239 1539 1394 1610 manifes-

233 1664 306 1724 tum
343 1666 406 1727 est.
460 1653 680 1751 Conceptum
707 1655 839 1725 furtum
864 1654 1011 1739 dicitur,
1037 1679 1116 1724 eum
1142 1653 1237 1750 apud
1265 1654 1406 1750 eliqnemr

231 1768 382 1840 testibus
414 1767 658 1866 praesentibus
693 1768 821 1857 furtive
855 1793 912 1838 res
938 1767 1097 1863 quaesita
1123 1778 1158 1839 et
1182 1769 1329 1838 invenie
1351 1767 1394 1835 sit:

236 1905 318 1952 nam
354 1883 392 1953 in
430 1907 509 1954 eum
546 1883 688 1981 proprie
727 1883 820 1952 ectio
855 1881 1044 1955 constitute
1076 1891 1148 1975 est,
1174 1881 1337 1981 quamvis
1358 1878 1395 1948 fur

234 2021 306 2066 nou
335 1996 400 2090 sit,
425 2019 515 2093 quae
539 1995 736 2092 appelletur
758 1995 922 2091 concepti
988 1992 1146 2065 oblatum
1172 1994 1306 2064 furium
1332 1993 1395 2063 dici·

234 2120 309 2204 tur,
336 2133 415 2179 eum
443 2133 499 2180 res
525 2107 653 2180 firrtivn
678 2108 723 2179 eb
749 2108 868 2206 aliquo
892 2107 957 2178 tibi
983 2106 1101 2177 oblata
1124 2107 1171 2179 sit
1189 2134 1304 2205 eaque
1324 2104 1394 2204 apud

232 2233 267 2295 te
300 2233 471 2319 concepta
507 2223 571 2316 sit,
596 2219 717 2320 utique
752 2223 781 2293 si
816 2247 857 2293 ee
887 2231 1003 2292 mente
1026 2219 1090 2290 n'bi
1116 2221 1197 2292 dete
1223 2221 1349 2314 fuerit,
1370 2231 1393 2288 ui

231 2331 323 2434 apud
349 2346 383 2407 te
409 2335 524 2431 potius
548 2363 653 2433 quern
676 2336 769 2431 apud
796 2362 875 2408 eum
902 2335 962 2433 qui
987 2333 1124 2405 dederit
1145 2336 1393 2432 conciperetur:

230 2477 312 2522 narn
336 2450 418 2537 libi,
445 2448 536 2548 apud
561 2477 666 2549 quern
692 2460 864 2547 concepte
890 2451 950 2538 sit,
977 2446 1118 2545 proprie
1140 2449 1315 2522 adversus
1337 2474 1394 2519 euu
