3024 4574
189 59 213 127 6
251 61 252 64 ’
514 81 599 132 rusr.
611 64 637 132 1.
661 84 682 132 1.
703 55 811 152 §3554
834 65 993 154 npr.§l,
1006 65 1039 132 2.
1497 83 1498 174 l

230 245 314 319 Iuris
354 258 523 341 praecepta
563 258 639 320 sunt
674 254 770 320 haec:
803 255 936 322 honeste
969 257 1095 334 virere,
1131 253 1270 320 alterum
1303 276 1366 322 non
1410 277 1428 322 e

185 356 328 444 laedere,
360 380 456 424 suum
472 347 473 350 ¹
487 362 600 446 cuique
631 361 781 427 tribuere.
826 359 935 427 Huius
959 361 1059 426 studii
1082 359 1163 426 duae
1186 364 1261 426 sunt
1283 364 1365 448 posi·
1410 383 1430 427 s

186 465 305 544 tiones,
326 465 495 551 publicum
514 471 547 532 et
564 467 738 553 privatum.
767 467 935 552 publicum
955 469 1007 532 ius
1020 471 1084 545 est,
1097 465 1182 552 quod
1193 465 1234 531 ad
1245 470 1367 532 statum

184 570 232 635 rei
253 574 413 639 Romanae
436 575 575 659 spectat,
598 573 782 658 privatum,
804 572 889 658 quod
907 572 948 638 ad
968 569 1171 660 singulorum
1179 569 1368 639 utilitatem
1497 559 1498 644 s

185 677 334 762 pertinet.
372 678 542 744 dicendum
565 681 613 743 est
636 679 740 766 igitur
759 677 798 742 da
815 679 886 744 iure
904 678 1048 764 privato,
1068 678 1152 763 quod
1170 679 1368 763 tripertitum
1497 677 1498 748 ἶ

187 785 250 847 est:
283 781 455 848 collectum
478 788 526 849 est
549 785 636 849 enim
659 805 698 850 ex
720 781 921 850 naturalibus
943 785 1119 869 praeceptis
1141 787 1198 850 aut
1220 785 1368 872 gentium

189 891 245 953 aut
270 887 432 955 civilibus.

757 1037 799 1104 Π.

375 1187 770 1263 numeraturum,
792 1187 1185 1251 cunrmuurcrvmr.
1291 1143 1292 1146 Ὺ

231 1326 288 1398 Ius
302 1314 463 1398 naturale
494 1335 559 1416 est,
587 1331 818 1417 quadratura
843 1333 952 1397 omnia
974 1330 1132 1398 animalia·
1150 1331 1269 1400 docuit.
1292 1352 1371 1398 nam
1414 1328 1417 1334 ’

186 1432 238 1500 ius
268 1435 356 1500 istud
384 1457 448 1502 non
469 1436 605 1504 humani
627 1438 753 1525 generis
775 1438 942 1523 proprium
966 1441 1031 1514 est,
1054 1436 1109 1503 sed
1131 1439 1278 1503 omnium
1301 1440 1367 1504 aui·
1481 1490 1484 1495 .

184 1538 342 1617 malium,
365 1562 445 1627 quae
468 1543 503 1608 in
526 1531 629 1620 caelo,
651 1563 732 1629 quae
750 1545 786 1607 in
804 1546 905 1621 terra,
926 1561 1007 1627 quae
1027 1544 1062 1606 in
1079 1545 1164 1608 mari
1183 1547 1366 1610 nascuntur.
1497 1545 1498 1562 ¹

185 1643 262 1711 hius
292 1647 454 1714 descendit
476 1651 575 1714 maris
597 1653 694 1734 atque
716 1649 854 1714 feminae
877 1649 1077 1736 coniugatio,
1102 1668 1199 1733 quam
1220 1669 1278 1716 nos
1299 1669 1368 1716 ma-

185 1751 376 1816 trimonium
409 1751 623 1840 appellamus,
655 1754 730 1819 hinc
752 1753 928 1820 liberorum
949 1755 1124 1840 procreatio
1147 1758 1180 1820 et
1204 1752 1365 1822 educatio:

186 1856 335 1923 videmus
358 1860 477 1924 etenim
501 1863 604 1924 cetera
627 1879 750 1946 quoque
774 1858 927 1925 animalia
948 1860 1043 1925 istius
1064 1860 1146 1924 iuris
1164 1862 1280 1946 peritia
1297 1883 1368 1928 cen·
1497 1871 1498 1906 ³

79 2057 83 2063 .
185 1963 258 2028 seri.
284 1961 337 2028 lus
356 1968 465 2030 autem
486 1963 582 2033 civile
598 1965 817 2057 vulgantium
835 1967 882 2031 ita
902 1966 1074 2033 dividitur:
1088 1954 1212 2036 omues
1223 1963 1364 2063 populi,
1497 1993 1498 2012 ¹

184 2071 245 2170 qui
278 2071 419 2172 legibus
454 2086 490 2146 et
523 2075 682 2148 moribus
712 2087 902 2176 reguntur,
937 2076 1068 2173 partim
1102 2102 1167 2148 suo
1203 2079 1368 2175 proprio,

183 2185 313 2283 partim
335 2188 515 2258 communi
532 2191 691 2260 omnium
711 2189 894 2260 homiuum
907 2189 983 2260 iure
996 2199 1163 2259 utuntur:
1178 2216 1260 2262 uam
1272 2189 1368 2290 quod

185 2299 334 2398 quisque
353 2301 508 2399 populus
526 2303 602 2399 ipse
623 2300 693 2374 sibi
712 2303 768 2374 ius
789 2303 991 2396 coustituit,
1011 2299 1049 2370 id
1065 2302 1176 2400 ipsius
1189 2305 1368 2401 proprium

185 2413 337 2484 civimtis
375 2424 429 2485 est
465 2424 682 2514 vocaturque
716 2416 772 2486 ius
806 2413 930 2508 civile,
963 2415 1065 2514 quasi
1098 2414 1153 2486 ius
1185 2417 1367 2514 proprium
1497 2437 1498 2478 l

183 2524 293 2622 ipsius
332 2526 504 2598 civitatis:
537 2527 633 2626 quod
670 2514 756 2600 vero
795 2527 965 2600 naturalis
998 2528 1089 2599 ratio
1128 2528 1221 2600 inter·
1245 2556 1369 2602 omues
1497 2529 1498 2536 ἶ

183 2636 346 2710 homiues
370 2640 570 2734 coustituit,
589 2639 628 2710 id
649 2641 743 2739 apud
764 2666 888 2713 omnus
907 2640 1058 2738 populos
1078 2665 1255 2740 peraeque
1276 2669 1368 2715 cus-

183 2748 318 2823 todiiur
351 2762 567 2853 vocaturque
600 2755 655 2824 ius
684 2755 864 2852 gentium,
893 2754 995 2853 quasi
1031 2781 1102 2853 quo
1137 2758 1214 2828 iure
1244 2781 1367 2828 omues
1497 2797 1498 2808 κ

182 2873 310 2964 gentes
339 2875 496 2940 utuntur.
546 2876 582 2938 et
613 2863 764 2965 populus
789 2867 908 2966 itaque
935 2869 1123 2943 Romanus
1147 2869 1276 2968 partim
1302 2893 1365 2941 suo
1419 2889 1420 2892 ’

182 2978 346 3075 proprio,
380 2978 509 3076 partim
542 2980 721 3051 communi
755 2982 912 3050 omnium
937 2979 1119 3054 homiuum
1146 2985 1221 3054 iure
1245 2982 1364 3053 utitur.

183 3117 274 3190 quae
311 3091 451 3192 singula
487 3091 605 3191 qualia
638 3102 741 3186 sunt,
776 3092 849 3163 suis
880 3092 971 3165 locis
1005 3121 1253 3194 proponemus.
1301 3095 1364 3164 Sed
1415 3119 1436 3168 a

184 3206 236 3272 ius
255 3207 386 3293 quidem
405 3205 501 3273 civile
519 3227 559 3271 ex
574 3225 762 3292 unaquaque
781 3207 913 3274 ciuitate
932 3209 1125 3296 appellatur,
1145 3209 1250 3276 veluti
1267 3210 1365 3276 Athe

186 3312 363 3380 niensium:
384 3333 461 3378 uam
480 3312 597 3398 siquis
617 3311 698 3379 velit
716 3310 842 3378 Solonis
864 3312 918 3380 vel
937 3313 1089 3382 Draconis
1103 3314 1193 3404 leges
1205 3313 1364 3402 appellare

183 3424 236 3489 ius
266 3418 370 3487 civile.
390 3419 653 3497 Atheniensium,
677 3439 741 3484 non
764 3421 928 3485 erraverit.
975 3423 1021 3486 sic
1044 3423 1130 3487 enim
1154 3426 1185 3487 et
1208 3424 1278 3498 ius,
1301 3423 1365 3507 quo

90 3586 92 3592 .
183 3525 320 3615 populus
350 3524 514 3590 Romanus
543 3527 665 3602 utitur,
695 3526 748 3589 ius
778 3523 874 3591 civile
902 3525 1121 3593 Romanorum
1148 3525 1365 3614 appellamus:

184 3631 239 3700 vel
254 3634 306 3697 ius
323 3631 514 3713 Quiritium,
536 3650 597 3717 quo
618 3629 758 3711 Quirites
776 3634 928 3697 utuntur:
949 3631 1088 3698 Romani
1099 3633 1364 3715 euimaQuiriuo
1497 3613 1498 3634 ¹

184 3738 323 3820 Quirites
346 3734 556 3823 appellantur.
603 3735 658 3801 sed
676 3737 821 3822 quotiens
840 3757 904 3802 non
921 3736 1087 3818 addimus,
1109 3741 1200 3804 cuius
1220 3741 1263 3804 sit
1282 3739 1363 3805 ciri·

184 3847 280 3923 tatis,
309 3846 454 3909 nostrum
483 3842 535 3910 ius
566 3839 800 3930 significamus:
832 3844 930 3909 sicuti
958 3864 1033 3909 cum
1062 3849 1192 3931 poetam
1223 3846 1363 3912 dicimus
1497 3831 1498 3840 ἵ

88 3999 91 4012 .
183 3972 242 4020 nec
267 3949 414 4018 addimus
436 3968 568 4026 nomen,
591 3947 782 4014 subaudiiur
803 3947 888 4035 apud
906 3937 1045 4016 Graecos
1068 3953 1219 4040 egregius
1240 3950 1360 4017 Home

183 4079 255 4140 rus,
286 4055 371 4145 apud
399 4075 456 4123 nos
486 4051 659 4145 Vergilius.
705 4054 757 4120 ius
786 4039 896 4121 autem
921 4056 1070 4143 gentium
1100 4059 1189 4124 omni
1218 4057 1358 4124 humano
1497 4105 1498 4180 l

1497 4478 1498 4533 l
