2916 4604
575 21 660 75 mar.
682 7 723 76 ln
746 25 804 76 vn.
827 26 875 95 pr.
898 4 985 94 §§l,
1010 6 1042 74 2.

766 193 836 266 VH.

506 365 557 429 ou
578 368 825 430 soooussrouu
846 365 1101 433 ursnaroaon.

261 528 367 603 Nunc
394 529 439 602 de
464 527 672 601 libertorum
699 527 804 601 honis
830 528 1026 601 videamus.
1056 526 1141 601 olim
1168 525 1284 628 itaque
1306 525 1384 599 lice·

211 644 274 716 hat
297 642 425 716 liberto
454 655 642 742 patronum
667 671 768 716 suum
793 645 936 742 impune
957 654 1168 716 testamento
1176 645 1383 740 praeterire:

213 786 295 829 nam
324 761 373 830 ita
407 757 547 830 demum
577 757 635 830 lex
662 757 849 830 duodecim
873 757 1072 830 tabularum
1097 757 1142 829 ad
1167 756 1386 828 hereditatem

210 871 328 944 liberti
365 871 516 944 vocabat
540 883 749 970 patronum,
775 873 805 942 si
831 874 1016 944 intestatus
1041 882 1200 943 mortuus
1227 880 1320 941 esset
1341 869 1386 938 li-

211 986 331 1058 bertus
363 985 461 1057 nullo
486 1012 550 1057 suo
576 984 707 1058 herede
732 985 869 1058 relicto.
921 987 1039 1084 itaque
1065 986 1232 1056 intestato
1258 1010 1386 1082 quoque

212 1110 350 1170 mortuo
383 1098 532 1195 liberto,
567 1101 597 1170 si
627 1100 657 1172 is
683 1126 783 1170 suum
809 1098 977 1172 heredem
1004 1099 1222 1198 reliquisset,
1240 1096 1337 1168 nihil
1358 1099 1387 1166 in

210 1213 315 1285 bonis
340 1214 415 1284 eius
441 1224 590 1312 patrono
616 1215 781 1287 inserat.
822 1226 856 1286 et
882 1216 913 1285 si
938 1213 1079 1313 quidem
1109 1239 1152 1283 ex
1177 1209 1386 1282 naturalibus

209 1326 332 1399 liberis
358 1327 512 1426 aliquem
539 1353 640 1398 suum
666 1325 832 1398 heredem
857 1327 1079 1426 reliquisset,
1099 1325 1196 1396 nulla
1212 1323 1388 1402 videbatm

209 1441 371 1540 querela:
405 1443 435 1512 si
469 1463 552 1512 vero
587 1439 773 1537 adoptivus
807 1439 903 1540 lilius
937 1455 1052 1531 esset,
1091 1451 1210 1539 aperte
1237 1441 1387 1537 iniquum

210 1567 285 1626 erat
319 1554 408 1625 nihil
433 1557 519 1626 iuris
543 1565 693 1652 patrono
717 1581 912 1652 superesse.
963 1555 1045 1648 Qua
1070 1555 1115 1626 de
1142 1581 1249 1627 eausa
1273 1562 1401 1650 postem

210 1671 383 1767 praetoris
416 1667 533 1740 edicto
566 1667 654 1740 haee
688 1670 773 1740 iuris
799 1669 966 1769 iniquitas
991 1668 1177 1740 emendata
1202 1679 1271 1739 est:
1325 1667 1389 1736 sive

211 1785 304 1855 enim
331 1783 485 1855 faciebat
510 1793 756 1855 testamentum
783 1782 949 1878 libertus,
976 1782 1163 1854 iubebatur
1186 1783 1234 1853 ita
1255 1781 1389 1872 testari,

214 1907 253 1968 ut
276 1908 426 1994 patrono
451 1908 586 1995 partem
606 1896 789 1968 dimidiam
808 1898 983 1970 honorum
1004 1920 1147 1968 suorum
1165 1893 1390 1995 relinqueret:

212 2020 247 2081 et
271 2011 301 2081 si
325 2021 385 2081 aut
411 2009 499 2079 nihil
525 2022 584 2082 aut
602 2012 717 2082 minus
734 2014 844 2108 partis
862 2011 1029 2082 dimidiae
1048 2009 1257 2109 reliquerat,
1277 2006 1389 2079 daha-

210 2135 267 2194 tur
291 2134 441 2220 patrono
469 2134 592 2194 eontra
617 2124 756 2196 tabulas
781 2127 981 2196 testamenti
1008 2123 1118 2220 partis
1137 2121 1308 2194 dimidiae
1326 2119 1389 2192 ho-

212 2263 336 2308 norum
364 2239 553 2332 possessio.
594 2239 625 2308 si
642 2264 728 2310 vero
747 2239 932 2310 intestatus
951 2235 1167 2309 moriebatur
1184 2263 1247 2308 suo
1265 2233 1388 2306 herede

109 2401 112 2416 .
209 2351 335 2422 relicto
360 2349 436 2420 filio
464 2349 657 2448 adoptivo,
685 2351 835 2430 dabatur
862 2379 974 2450 aeque
991 2361 1142 2448 patrono
1161 2361 1287 2423 eontra
1306 2349 1390 2420 hunc

211 2491 313 2534 suum
342 2456 510 2535 heredem
542 2466 652 2560 partis
678 2464 845 2536 dimidiae
871 2465 1047 2537 honorum
1072 2467 1261 2562 possessio.
1317 2489 1390 2561 pro·

211 2577 314 2649 desse
347 2587 464 2649 autem
499 2575 629 2649 liberto
664 2577 828 2650 solebant
853 2573 898 2649 ad
925 2578 1184 2650 excludendum
1210 2589 1388 2676 patronum

211 2691 389 2763 naturales
412 2689 537 2785 liberi,
563 2717 635 2762 non
661 2692 776 2763 solum
802 2719 892 2792 quos
910 2695 948 2763 in
966 2703 1139 2789 potestate
1158 2694 1283 2763 mortis
1301 2703 1389 2763 tem-

209 2828 295 2902 pore
332 2802 505 2890 habehat‚
544 2803 607 2874 sed
644 2806 749 2876 etiam
786 2807 997 2905 emancipati
1032 2816 1068 2878 et
1101 2807 1138 2875 in
1172 2804 1388 2901 adoptionem

211 2918 306 3013 dati,
340 2919 371 2988 si
398 2915 506 2988 modo
541 2942 583 2987 ex
617 2916 735 3007 aliqua
766 2930 866 3017 parte
888 2919 1039 2991 heredes
1066 2917 1188 3014 scripti
1213 2911 1320 2989 erant
1342 2925 1389 3012 aut

209 3031 388 3128 praeteriti
412 3039 536 3102 eontra
563 3026 701 3103 tabulas
726 3028 902 3103 bonorum
929 3035 1191 3130 possessionem
1216 3057 1257 3102 ex
1282 3030 1387 3102 edicto
1429 3120 1430 3127 ἵ

210 3146 401 3241 petierant,
420 3171 502 3215 nam
516 3141 718 3216 exheredati
732 3146 831 3218 nullo
845 3146 952 3218 modo
965 3145 1186 3244 repellebant
1197 3155 1385 3243 patronum.

210 3259 343 3330 Postea
367 3258 449 3356 lege
474 3257 588 3354 Papia
614 3255 764 3331 adaucta
791 3270 874 3331 sunt
894 3261 968 3332 iura
989 3270 1242 3357 patronorum,
1261 3258 1325 3358 qui
1341 3257 1401 3326 lo·r

213 3371 425 3468 eupletiores
457 3369 606 3443 libertos
639 3370 831 3450 habehant.
885 3385 1025 3446 nautum
1059 3385 1113 3446 est
1147 3374 1261 3462 enim,
1295 3382 1332 3443 ut
1354 3394 1386 3440 er

209 3479 315 3556 bonis
341 3487 415 3556 eius
427 3535 440 3575 ‚
466 3485 527 3584 qui
551 3487 792 3559 sestertiorum
816 3477 958 3560 eentum
979 3489 1129 3560 millium
1150 3485 1385 3585 patrimonium

161 3597 164 3606 '
211 3598 394 3697 reliquerit
414 3608 450 3670 et
474 3599 659 3697 pauciores
683 3625 790 3702 quam
815 3613 888 3674 tres
910 3600 1045 3675 liberos
1070 3600 1248 3691 habehat,
1276 3595 1384 3672 siveis

211 3712 424 3786 testamento
458 3712 553 3785 facto
584 3715 659 3787 sive
687 3717 858 3789 intestato
884 3729 1042 3789 mortuus
1069 3725 1163 3810 erat,
1187 3713 1302 3787 virilis
1319 3735 1383 3812 pars
