2964 4596
213 37 278 138 116
421 45 546 112 11111.
570 47 860 142 1111111640.
884 67 964 118 xxrr
975 71 1021 136 pr.
1046 45 1192 136 111-1.

257 229 320 311 Qui
351 239 459 300 autem
489 257 522 303 se
552 239 624 305 vult
655 260 818 316 excusare,
850 242 877 306 si
899 241 1006 325 plures
1027 241 1143 307 habeat
1166 239 1380 306 excusationes
1403 259 1428 303 rc

211 341 243 402 et
274 340 313 404 de
344 345 535 426 quibusdam
566 367 628 412 non
658 349 857 433 probaverit.
884 347 956 412 aliis
977 351 1028 414 uti
1049 351 1134 413 intra
1157 351 1301 431 tempora
1322 366 1385 410 non

211 445 403 527 prohibetur.
453 454 508 536 qui
539 474 686 519 excusare
716 474 749 518 se
779 453 905 538 volunt,
936 474 998 519 non
1021 453 1196 540 appellant:
1223 451 1277 518 sed
1300 455 1384 516 intra

213 551 279 616 dies
310 556 540 644 quinquaginta
569 561 752 636 continuos,
778 580 817 624 ex
840 580 901 644 quo
924 565 1157 648 cognoverunt,
1182 579 1330 624 excusare
1351 577 1385 624 se

212 656 327 724 debent
360 661 600 749 (cuiuscumque
630 667 755 752 generis
777 671 871 742 sunt,
895 665 929 730 id
952 671 999 730 est
1022 665 1295 750 qualitercumque
1319 664 1385 729 dati
1475 705 1476 738 ,

211 762 330 830 fuerint
357 771 501 854 tutores),
525 775 554 835 11
576 773 659 836 intra
683 774 893 838 centesimum
915 771 1055 858 lapidem
1078 777 1152 838 sunt
1174 773 1213 838 ab
1237 792 1273 836 eo
1297 769 1384 844 loco,

211 871 268 934 ubi
291 876 412 938 tutores
435 875 503 940 dati
524 884 616 942 sunt:
639 881 667 944 si
685 900 759 944 vero
778 878 865 944 ultra
884 880 1094 945 centesimum
1112 879 1277 955 habitant,
1294 876 1386 940 dinu-
1475 857 1476 952 l

212 980 386 1044 moratione
413 981 496 1048 facta
519 985 638 1070 viginti
661 984 805 1049 millium
828 985 1013 1050 diurnorum
1037 991 1069 1050 et
1091 983 1229 1070 amplius
1251 985 1387 1071 triginta

212 1081 346 1148 dierum.
383 1087 466 1170 quod
487 1093 609 1167 tamen,
635 1095 673 1154 ut
692 1088 843 1156 Scaevola
863 1091 1003 1167 dicebat,
1025 1093 1069 1156 sic
1088 1091 1181 1157 debet
1191 1090 1385 1175 computari,

211 1209 250 1253 ne
277 1192 385 1256 minus
406 1195 469 1258 sint
492 1215 589 1279 quam
613 1198 843 1284 quinquaginta
866 1196 943 1262 dies.
978 1196 1080 1263 Datus
1102 1202 1210 1262 autem
1233 1201 1320 1260 tutor
1343 1194 1384 1259 ad
1405 1215 1430 1259 rr

210 1297 395 1362 universum
425 1303 654 1385 patrimonium
678 1303 770 1367 datus
794 1322 859 1368 osse
883 1303 1031 1370 creditur.
1079 1301 1141 1382 Qui
1163 1300 1301 1366 tutelam
1324 1300 1381 1366 ali-
1400 1323 1425 1366 11

211 1404 302 1467 cuius
332 1407 449 1491 gessit,
473 1409 595 1472 invitus
618 1412 742 1473 curator
765 1407 908 1473 eiusdem
930 1407 998 1474 fieri
1020 1429 1083 1474 non
1106 1406 1327 1492 compellitur,
1350 1409 1386 1470 in

210 1511 337 1573 tantum
359 1517 411 1589 ut,
436 1511 512 1577 licet
533 1518 637 1604 pater,
662 1517 717 1598 qui
741 1518 931 1580 testamento
949 1519 1088 1580 tutorem
1107 1514 1247 1590 dederit,
1268 1514 1385 1580 adiecit
1476 1521 1477 1550 ¹

211 1633 243 1678 11
273 1615 409 1681 eundem
438 1624 615 1684 curatorem
642 1620 735 1698 dare,
760 1625 868 1687 tamen
892 1622 1033 1686 invitum
1056 1642 1131 1686 eum
1154 1641 1264 1685 curam
1287 1619 1385 1684 susci-

210 1740 284 1804 pere
317 1743 380 1787 non
414 1726 591 1812 cogendum
627 1727 695 1792 divi
729 1725 865 1792 Severus
892 1732 924 1791 11
945 1728 1124 1792 Antoninus
1146 1729 1383 1811 rescripserunt.

211 1825 300 1892 Idem
317 1833 544 1916 rescripserrmt
558 1835 713 1897 maritum
731 1835 1383 1906 111111111111111111111111111111111111
1405 1851 1431 1895 11

212 1952 245 1997 se
268 1954 375 2019 posse,
396 1936 473 2001 licet
495 1958 527 2002 se
550 1941 739 2005 immisceat.
777 1937 812 2003 Si
832 1942 902 2024 quis
915 1944 1023 2005 eutem
1035 1939 1122 2006 falsis
1135 1939 1383 2027 allegationibus
1403 1957 1431 2001 11

211 2043 446 2108 excusationem
468 2043 587 2108 tutelae
609 2047 746 2122 meruit,
770 2066 833 2111 nou
856 2050 904 2111 est
926 2044 1079 2112 liberatus
1102 2067 1193 2111 onere
1216 2045 1347 2110 tutelae.

738 2196 855 2263 XXVI.

368 2346 418 2406 DE
441 2347 635 2407 SUSPEOTIS
656 2347 866 2406 TUTORIBUS
886 2349 935 2407 ET
956 2347 1222 2408 CURATORIBUS.

253 2489 424 2556 Sciendum
454 2495 502 2555 est
532 2492 670 2576 suspecti
701 2492 821 2555 crimen
854 2511 871 2556 e
901 2490 973 2578 lege
1003 2491 1170 2556 duodecim
1199 2489 1384 2556 tabularum

206 2596 400 2662 descendere.
447 2596 567 2661 Datum
595 2601 643 2661 est
666 2602 774 2661 autem
797 2600 848 2661 ius
871 2598 1053 2666 removendi
1076 2602 1235 2682 suspectos
1261 2602 1383 2661 tutores
1407 2617 1419 2660 1

205 2696 326 2768 Romae
359 2705 497 2788 praetori
527 2709 559 2767 et
590 2705 623 2767 in
652 2705 824 2788 provinciis
850 2703 1047 2788 praesidibus
1077 2723 1186 2768 earum
1216 2707 1248 2767 et
1276 2703 1384 2790 legato

205 2809 411 2893 proconsulis.
459 2808 679 2892 Ostendimus,
711 2811 766 2893 qui
792 2814 924 2893 possunt
947 2809 985 2874 de
1010 2815 1153 2894 suspecto
1178 2825 1381 2896 cognoscere:
1405 2829 1420 2872 1

205 2935 289 2978 nunc
320 2913 502 2991 videamus,
536 2916 592 2998 qui
616 2917 754 2999 suspecti
777 2913 845 2980 fieri
868 2920 1008 3000 possunt.
1055 2901 1098 2980 111
1121 2915 1251 3000 quidem
1275 2935 1385 2980 omnes
1478 2925 1479 2970 1

206 3025 326 3085 tutores
359 3025 507 3105 possunt,
538 3023 606 3085 sive
637 3023 1146 3094 1111111111111111111111111,
1172 3020 1228 3086 sed
1250 3020 1384 3086 alterius

208 3128 334 3213 generis
353 3131 483 3192 tutores.
520 3146 615 3211 quare
634 3131 666 3190 et
685 3128 713 3191 si
725 3125 892 3214 legitimus
911 3129 952 3192 sit
971 3131 1074 3204 tutor,
1098 3129 1237 3191 accusari
1254 3129 1384 3211 poterit.

207 3231 283 3317 quid
314 3234 341 3295 si
371 3229 543 3316 patronus?
578 3231 681 3296 adhuc
710 3232 796 3296 idem
827 3235 889 3297 erit
911 3233 1098 3310 dicendum;
1121 3231 1294 3297 dummodo
1316 3252 1384 3296 me·
1478 3271 1479 3304 2

202 3339 408 3415 minerimus,
433 3339 536 3402 famae
560 3340 685 3422 patroni
706 3338 916 3423 parcendum,
940 3338 1073 3403 11111111
1096 3342 1258 3424 suspectus
1281 3357 1383 3402 remo·
1478 3337 1479 3346 ²

206 3448 259 3508 tus
281 3443 387 3509 fuerit.
435 3441 634 3528 Consequens
661 3450 725 3521 est,
746 3450 783 3508 ut
803 3444 986 3522 videamus,
1006 3446 1062 3528 qui
1081 3446 1202 3530 possint
1221 3447 1383 3528 suspectos
1408 3465 1422 3508 a

206 3549 377 3634 postulare.
412 3554 445 3613 et
474 3550 638 3615 sciendum
661 3555 709 3616 est
732 3553 822 3634 quasi
841 3550 1004 3634 publicam
1022 3571 1088 3615 esse
1106 3551 1187 3643 hanc
1206 3553 1383 3638 actionem,

205 3656 264 3720 hoc
293 3661 341 3720 est
369 3656 517 3720 omnibus
547 3661 667 3741 patere.
713 3659 791 3741 quin
813 3658 915 3721 immo
939 3663 971 3721 et
993 3655 1144 3722 mulieres
1168 3657 1384 3721 admittuntur

206 3783 243 3828 ex
273 3765 423 3847 rescripto
454 3761 602 3827 divorum
633 3761 743 3827 Severi
766 3767 798 3826 et
820 3763 989 3840 Antonini,
1014 3763 1151 3836 sedhae
1174 3761 1277 3839 solae,
1303 3783 1384 3846 quae

205 3869 334 3954 pietatis
357 3868 587 3933 necessitudine
610 3867 723 3933 ductae
747 3867 868 3934 adhoc
892 3869 1079 3954 procedunt,
1105 3874 1143 3934 ut
1165 3874 1243 3962 puta
1264 3861 1381 3953 1111111

113 4053 116 4060 ,
206 3977 315 4040 nutrix
331 3995 470 4060 quoque
500 3980 531 4039 et
564 3976 636 4054 avia
658 3980 806 4060 possunt,
828 3981 932 4061 potest
956 3981 987 4041 ot
1011 3996 1112 4041 soror:
1137 3975 1191 4040 sed
1215 3978 1247 4038 et
1270 3966 1385 4058 siqua

204 4081 321 4147 mulier
354 4081 467 4158 fuerit,
505 4083 595 4146 cuius
630 4087 756 4166 praetor
786 4101 971 4168 perpensam
1004 4084 1158 4168 pietatem
1188 4078 1384 4146 intellexerit
