2894 4616
211 63 276 132 418
472 123 475 130 .
556 79 639 130 ruer.
663 61 718 141 IV,
741 79 811 128 xm.
835 83 881 147 pr.
905 63 924 146 ξ
949 59 1047 128 1-5.

761 251 850 342 xm.

615 405 665 464 De
686 403 995 464 exsufflemus

260 548 446 646 Sequitur,
472 557 511 618 ut
536 545 581 618 de
606 545 874 645 exceptionibus
899 544 1138 643 dispiciemus.
1180 559 1377 642 comparatae

212 673 294 734 sunt
314 671 430 732 eutem
453 662 678 758 exceptiones
698 658 1002 732 defendendorum
1024 686 1145 731 eorum
1167 661 1301 760 gratia,
1318 686 1378 730 cun

211 773 340 873 quibus
365 774 500 873 egitur:
528 798 632 870 saepe
657 774 751 844 eninr
777 771 925 859 eccidit,
948 788 1001 860 ut,
1022 782 1099 856 lieet
1118 785 1188 869 ipss
1205 784 1378 866 persecutio,

213 911 276 975 que
304 893 390 956 soter
418 884 598 975 experitur,
629 892 714 956 iuste
741 892 801 962 sit.
826 895 933 956 tamen
955 889 1064 974 inique
1087 889 1130 954 sit
1152 889 1305 954 adversus
1325 909 1380 952 eun

216 1017 290 1061 oum
324 1016 387 1080 quo
418 998 537 1083 agitur.
583 996 681 1062 Verbi
709 996 814 1085 gretie
845 998 872 1060 si
903 1001 995 1060 metu
1026 1000 1152 1060 coaetus
1182 999 1241 1059 eut
1265 993 1399 1058 dobin-1

217 1101 332 1168 duetus
361 1107 418 1168 aut
448 1123 550 1170 errore
582 1102 690 1188 lapsus
713 1100 882 1188 stipulanti
904 1101 991 1168 'titio
1013 1101 1206 1187 promisisti,
1234 1100 1317 1186 quod
1337 1121 1380 1164 non

217 1207 369 1274 debueras
398 1210 601 1294 promittere,
633 1209 741 1295 pelam
774 1213 822 1276 θεῖ
851 1212 920 1274 iure
951 1208 1040 1275 civili
1072 1213 1103 1273 te
1133 1207 1316 1294 obligatum
1336 1227 1383 1270 esse

216 1318 250 1380 et
281 1313 382 1392 actio,
415 1335 477 1400 qus
501 1315 677 1382 intenditur
699 1316 774 1382 dere
798 1321 830 1382 te
854 1320 1013 1401 oportere,
1039 1313 1149 1380 efficax
1172 1317 1240 1378 eet:
1267 1311 1320 1376 sed
1339 1314 1384 1376 ini·

218 1440 320 1504 quum
355 1426 404 1485 θεῖ
437 1425 470 1486 ῖθ
503 1421 706 1488 condemnari
740 1421 873 1508 ideoque
907 1420 1002 1486 detur
1035 1420 1096 1484 tibi
1124 1421 1274 1503 exceptio
1304 1423 1384 1482 metue

218 1544 313 1590 censs
341 1529 397 1590 eut
420 1525 486 1592 doli
509 1527 588 1592 meli
611 1533 667 1592 eut
689 1529 724 1592 in
745 1528 868 1594 fectum
891 1526 1066 1612 composite
1088 1525 1128 1590 ad
1150 1524 1384 1612 impugnenden

214 1641 381 1706 actionem.
429 1629 531 1701 Idem
561 1632 647 1702 iuris
681 1643 754 1718 est,
788 1633 819 1704 si
850 1632 929 1729 quis
962 1629 1063 1729 quasi
1096 1627 1273 1700 credendi
1303 1648 1404 1699 cause!

217 1744 403 1840 pecuniam
440 1743 626 1841 stipulatus
663 1744 769 1817 iirerit
805 1769 919 1844 neque
952 1743 1161 1814 numeravit.
1216 1769 1302 1812 nam
1331 1767 1386 1811 ean

216 1857 403 1952 pecuniam
437 1883 456 1926 θ
492 1869 527 1928 te
560 1868 679 1954 petere
712 1884 817 1956 posse
844 1883 923 1930 eum
949 1865 1083 1928 certum
1108 1866 1178 1928 est:
1205 1854 1296 1926 dare
1318 1855 1386 1924 enin

218 1981 253 2040 te
288 1980 444 2066 oportet,
480 1997 560 2041 cum
591 1997 633 2042 ex
663 1971 830 2068 stipulatu
855 1971 1025 2043 tenearis:
1050 1968 1114 2041 sed
1139 1971 1224 2066 quia
1251 1969 1386 2065 iniquom

220 2094 275 2155 est
298 2108 340 2154 eo
366 2085 509 2155 nomine
533 2094 568 2156 te
595 2083 845 2171 condemnari,
868 2083 986 2181 placet
1006 2081 1214 2179 exceptione
1237 2082 1385 2179 pecuniae

218 2222 292 2268 non
325 2207 527 2268 numeratae
559 2209 594 2269 te
624 2197 769 2268 defendi
801 2194 953 2290 debere,
984 2208 1074 2272 euius
1096 2211 1245 2292 tempora
1269 2227 1336 2282 nos,
1356 2227 1386 2268 se-

224 2312 364 2378 cundum
390 2313 472 2396 quod
496 2313 562 2377 ism
587 2313 802 2399 superioribus
820 2311 913 2378 libris
932 2316 1087 2398 scriptum
1107 2317 1171 2390 est,
1184 2313 1386 2378 constitutione

226 2422 333 2484 nostre
366 2419 592 2496 coartavimus,
636 2418 805 2498 Praeterea
838 2419 961 2490 debitor
993 2421 1021 2482 si
1056 2423 1166 2503 pectus
1201 2419 1304 2484 fuerit
1333 2437 1403 2481 cuns

223 2523 394 2600 creditore,
430 2545 470 2588 ne
504 2544 524 2588 θ
553 2545 586 2590 εθ
616 2529 793 2611 peteretur,
823 2524 925 2590 nihilo
957 2525 1064 2589 minus
1094 2523 1261 2610 obligatus
1284 2529 1385 2596 menet,

224 2632 300 2716 quie
332 2635 424 2714 pecto
455 2637 608 2697 convento
639 2630 849 2718 obligationes
880 2651 942 2696 non
965 2630 1149 2696 omnimodo
1172 2630 1387 2696 dissolvuntur:

225 2756 288 2821 que
311 2736 349 2801 de
373 2757 467 2802 causo
489 2735 599 2802 efficax
620 2743 669 2803 θεῖ
690 2736 841 2803 adversus
864 2758 939 2802 eum
963 2739 1063 2814 ectio,
1083 2756 1146 2822 qua
1165 2741 1257 2808 ector
1275 2735 1387 2800 intendit

227 2845 276 2920 ,si
309 2848 399 2928 peret
430 2863 504 2907 eum
538 2842 612 2908 dere
641 2841 815 2929 oporters”.
863 2844 917 2909 sed
948 2846 1022 2928 quis
1052 2845 1201 2928 iniquum
1234 2846 1285 2907 θεῖ
1306 2846 1388 2907 centn
1420 2887 1421 2926 ἐ

226 2950 503 3034 pectionemeum
528 2949 689 3033 damnari,
714 2949 894 3014 defenditur
915 2971 972 3034 per
993 2951 1212 3034 exceptionem
1236 2951 1388 3034 poeticen·
1421 2938 1422 3003 i

221 3057 320 3122 ¹venti.
367 3057 476 3140 Aeque
506 3056 534 3120 si
562 3056 687 3121 debitor
714 3055 872 3120 deferente
902 3055 1055 3126 creditore
1085 3055 1243 3120 iuraverit
1273 3052 1349 3118 nibil
1366 3071 1404 3115 see

227 3160 301 3225 dere
325 3165 484 3246 oportere,
508 3162 611 3227 adhuc
634 3161 796 3250 obligatus
817 3166 999 3246 permonet,
1024 3160 1078 3226 sed
1102 3161 1177 3246 quie
1200 3163 1343 3245 iniquum
1358 3164 1389 3222 est

227 3265 265 3331 de
289 3266 427 3351 periurio
450 3269 574 3352 quaeri,
600 3268 779 3333 defenditur
801 3288 857 3354 per
880 3270 1096 3352 exceptionem
1119 3266 1335 3332 iurisiurandi.
1371 3265 1391 3324 in

230 3372 281 3436 his
305 3392 427 3457 quoque
451 3373 644 3450 actionibus,
669 3374 784 3458 quibus
806 3373 839 3437 in
864 3394 932 3438 rem
956 3373 1077 3460 agitur,
1103 3393 1201 3457 seque
1221 3372 1387 3438 necessariae

228 3483 303 3546 eunt
325 3469 542 3564 exceptiones:
567 3478 670 3548 veluti
692 3481 720 3544 si
739 3480 875 3564 petitore
898 3478 1057 3544 deferente
1080 3499 1241 3563 possessor
1264 3473 1388 3543 iurarent

229 3606 299 3651 eem
330 3605 397 3650 rem
429 3605 521 3651 suem
554 3605 619 3650 esse
646 3587 678 3650 et
705 3584 806 3650 nihilo
827 3586 936 3648 minus
959 3583 1091 3650 eandem
1115 3605 1183 3650 rem
1206 3585 1323 3670 petitor
1341 3582 1388 3646 rin·

227 3692 327 3758 dicet:
363 3690 440 3756 lieet
475 3691 559 3757 enim
594 3711 706 3758 verum
737 3691 780 3755 sit
811 3691 894 3776 quod
925 3691 1080 3774 intendit,
1111 3690 1145 3755 id
1177 3694 1226 3755 est
1256 3710 1323 3756 rem
1342 3689 1388 3751 eiu

230 3818 312 3875 esee,
332 3798 479 3882 iniquum
498 3803 546 3862 θεῖ
566 3802 673 3862 temen
691 3818 900 3883 possessorem
921 3796 1132 3863 condemnari.
1161 3796 1246 3862 Item
1258 3791 1404 3861 siiudieies

229 3907 337 3968 tecum
360 3907 468 3968 ectum
491 3904 590 3969 fuerit
611 3904 679 3976 sive
702 3903 737 3968 in
759 3925 827 3969 rem
848 3903 915 3970 sive
934 3903 968 3968 in
987 3923 1169 3989 personam,
1189 3902 1388 3968 nihilominus

230 4005 384 4092 obligatio
415 4011 508 4076 duret
538 4013 570 4075 et
592 4009 671 4077 ideo
694 4011 763 4096 ipso
784 4011 854 4077 iure
877 4014 986 4098 postes
1010 4009 1049 4076 de
1073 4009 1184 4076 eedem
1207 4031 1242 4078 re
1268 4008 1387 4076 educent
