2890 4616
360 1 365 5 ’
478 39 540 95 cn
561 28 616 108 ru,
642 30 679 115 §a
703 16 848 94 ιιι-ιι.
1193 29 1257 96 aar

61 219 183 303 itaque
214 221 274 284 etsi
305 238 417 303 corpus
448 215 576 304 aliquod
606 222 754 302 petamus
772 221 789 293 ΙΙ
806 221 896 285 velut
918 219 1074 301 fundum,
1098 218 1264 284 hominem
1334 220 1400 286 205

62 329 215 403 vestem,
249 329 431 412 argentum,
465 321 574 393 iulder
596 345 658 390 non
682 327 752 410 ipsa
774 347 808 391 re
831 327 1020 390 condemnat
1048 325 1166 412 [e]um‚
1191 347 1301 391 cuma
1330 313 1399 398 wa)

61 451 134 514 quo
168 436 275 497 actum
303 435 370 507 est,
394 433 399 514 Ι
419 431 502 496 sicut
525 431 604 496 olirn
629 429 698 495 fieri
722 431 860 509 solebat,
887 431 944 515 [ut]
966 434 1134 498 aestimata
1155 451 1189 495 re
1212 453 1300 516 pec

1 533 48 621 ι9)
65 539 172 602 cunia
195 539 294 622 euml
316 537 515 602 condemnat.
564 535 795 603 Condemnatio
815 546 923 603 autem
934 538 987 604 vel
998 544 1101 610 certae
1112 540 1264 622 pecuniae
1286 559 1300 602 ι

1 642 48 727 10)
61 646 102 708 in
129 643 271 710 formula
291 645 296 727 Ι
316 645 517 729 proponitur,
545 643 598 710 vel
620 646 769 708 incertae.
820 642 933 710 Certae
951 646 1105 729 pecuniae
1124 642 1264 709 velutin
1287 669 1299 709 a

62 769 105 815 ea
131 749 289 827 formula,
313 751 318 834 Ι
339 770 401 835 qua
421 755 541 815 certam
562 751 728 835 pecuniam
752 752 908 835 petimus3
929 771 1003 814 nam
1022 749 1268 834 illicimaparte
1290 770 1304 814 o

65 855 246 940 formellae
269 858 316 921 ita
340 860 403 920 est:
430 855 565 933 ,‚iudex,
580 856 784 928 ,Numerium
808 857 981 942 Nigidium
1002 854 1085 920 Aulo
1101 856 1219 941 Agerio
1232 855 1264 919 X
1287 877 1300 919 r

1 960 48 1040 il)
65 960 209 1026 milium
235 962 424 1039 condemna,
452 964 479 1026 si
502 982 565 1027 non
585 964 590 1045 1
611 966 717 1047 paret,
744 961 901 1026 absolve'’.
948 961 1087 1027 Incertae
1110 980 1184 1028 uero
1208 980 1264 1044 pe-
1287 983 1300 1026 a

62 1070 186 1134 cuniae
209 1068 430 1134 condemnatio
444 1065 470 1151 1)
496 1067 669 1153 duplitcem
694 1066 959 1154 significationem
983 1068 1092 1144 liabet3
1111 1072 1159 1132 est
1177 1069 1263 1132 enim
1286 1087 1300 1130 e

62 1195 150 1252 una,
182 1194 245 1258 qua
274 1195 349 1240 cum
380 1174 487 1259 aliqua
507 1173 512 1260 1
531 1171 769 1258 praefinitione,
803 1194 883 1258 quae
918 1174 1017 1262 uulgo
1046 1174 1164 1238 dieitur
1187 1193 1261 1237 cum
1286 1194 1311 1237 ιο

64 1282 251 1356 taxatione,
276 1280 350 1357 τ’),
383 1278 473 1344 velut
503 1281 531 1344 si
559 1275 725 1358 incerltum
754 1279 876 1364 aliquid
907 1283 1070 1364 petamus,
1095 1299 1170 1343 nam
1193 1276 1261 1341 illic
1285 1300 1308 1342 ιι

64 1387 142 1451 ima
165 1391 253 1472 perte
276 1385 433 1454 formulae
452 1385 458 1468 1
478 1386 526 1450 ita
549 1389 611 1450 est:
642 1385 758 1468 „iudex
777 1385 971 1450 Numerium
991 1385 1167 1472 Negidium
1179 1384 1262 1450 Aulo
1285 1407 1311 1452 ιι

65 1493 193 1579 Agerio
211 1491 379 1558 dumtaxat
396 1489 438 1555 Η.
452 1489 484 1554 X
503 1490 625 1556 milium
637 1491 811 1562 condemno
826 1493 863 1579 ³),
877 1495 904 1556 si
916 1511 978 1556 non
999 1493 1004 1576 Ι
1023 1496 1113 1577 paret
1124 1492 1261 1560 absolve.
1286 1515 1311 1558 re

69 1599 317 1684 [Condemnatio]
339 1617 413 1662 vero
433 1599 553 1662 incerta
573 1602 621 1662 est
641 1596 892 1675 etiaminfinita,
905 1599 1107 1663 celutsirem
1121 1598 1261 1683 aliquam

69 1725 89 1768 a
115 1703 310 1800 posteidente
334 1703 473 1768 nostram
500 1723 565 1766 esse
589 1708 751 1788 petamus,
772 1691 808 1766 ‘id
832 1709 879 1768 est
899 1705 926 1768 si
945 1707 979 1768 in
998 1725 1066 1767 rem
1087 1707 1260 1792 agamus,1
1286 1727 1312 1772 ιι

66 1809 127 1875 vel
156 1810 208 1892 [ad
228 1795 362 1892 apamea]
396 1808 436 1872 ad
467 1806 680 1872 exhibendum
686 1827 695 1886 ;
720 1828 795 1872 nam
819 1807 955 1874 illicita
980 1814 1042 1875 est:
1071 1813 1203 1895 „quanti
1226 1833 1262 1877 ea
1286 1835 1310 1878 ιι

68 1937 124 1980 res
162 1917 237 1992 erit,
271 1913 277 2000 l
308 1917 398 1978 tanta
428 1915 562 1998 pecunia
596 1897 693 1978 iudea
724 1913 917 1979 Numerium
949 1899 1125 2002 Negidium
1158 1918 1261 1982 eidem
1286 1941 1311 1985 re

1 2020 56 2109 52)
73 2021 170 2106 [Aulo
201 2021 323 2105 Aperte]
354 2020 544 2096 condemna,
578 2021 605 2084 si
636 2040 699 2084 non
729 2026 819 2103 paret
840 2005 853 2104 Ἰ
870 2007 1030 2086 'absolvet
1078 2021 1161 2102 Quid
1192 2045 1309 2109 erpere

69 2123 144 2192 esti
177 2127 293 2203 index,
330 2127 358 2190 si
390 2125 592 2199 condemnet,
625 2130 711 2190 certa
743 2124 886 2215 pecun‘ila
913 2127 1121 2194 condemnare
1154 2130 1259 2208 debet,
1285 2155 1311 2199 ra

70 2235 138 2298 etei
168 2237 254 2298 certa
284 2233 419 2317 pecunia
450 2233 484 2294 in
516 2229 790 2318 condeimnatione
823 2233 1017 2317 posita-non
1049 2237 1101 2299 sit.
1161 2217 1263 2302 Debet
1286 2259 1311 2304 ra

69 2343 184 2405 autem
212 2336 311 2403 'iudex
344 2329 504 2402 attendere
533 2339 596 2420 {et
627 2358 700 2402 eum
734 2335 837 2401 certae
867 2341 1018 2421 pecuniae
1042 2341 1261 2408 condemnatio
1286 2365 1311 2410 ao

74 2550 232 2606 utebantur
256 2566 312 2604 non
333 2547 431 2602 dubito
451 2547 577 2616 quinis,
604 2547 652 2617 qui
673 2551 690 2603 1.
711 2569 736 2602 c.
757 2553 930 2604 sacramento
950 2549 980 2604 in
999 2567 1058 2606 rem
1076 2552 1167 2608 victus
1187 2557 1260 2623 erat,

72 2641 133 2696 nisi
156 2658 269 2696 causam
293 2640 422 2695 solvisset
448 2671 481 2678 -
502 2639 537 2693 cf.
558 2641 676 2708 supra§
698 2639 730 2692 21
753 2639 836 2693 huius
856 2641 1048 2695 commentarii
1068 2673 1102 2682 -
1122 2643 1213 2700 denuo
1231 2645 1261 2700 in

72 2731 120 2786 ius
142 2737 302 2796 vocaretur,
322 2729 367 2784 uti
385 2728 520 2784 iudicium
539 2728 585 2784 liti
604 2728 796 2784 aestimandae
817 2729 897 2784 fieret
916 2729 969 2796 (cf.
989 2731 1083 2786 Keller
1101 2733 1161 2789 Giv.
1180 2735 1259 2791 Proc.

74 2824 90 2890 ξ
113 2821 167 2886 16),
193 2838 247 2890 quo
271 2820 472 2876 condemnatus
496 2818 526 2872 ni
551 2818 699 2897 pecuniam
722 2818 863 2885 solvisset,
887 2822 948 2874 tum
968 2819 1096 2889 demum,
1114 2823 1145 2877 ni
1163 2823 1259 2892 fallor,

74 2927 127 2980 per
144 2927 244 2964 manus
257 2907 441 2965 'iniectionem
452 2908 514 2978 cogi
523 2908 626 2978 potuit.
639 2901 640 2906 '
665 2909 725 2962 Iam
737 2908 861 2979 suspicor
873 2941 905 2950 —
917 2914 946 2964 et
955 2909 1020 2966 inde
1030 2898 1190 2970 coniectura
1199 2934 1261 2988 pro·

75 3001 171 3070 posita
190 3032 224 3041 -
244 2999 342 3072 primis
361 2999 546 3069 temporibus.
568 2999 669 3068 quibus
688 3015 738 3069 per
757 2996 890 3054 formulas
910 2999 956 3071 egi
972 3006 1099 3072 coeptum
1116 3007 1173 3072 eet,
1188 3007 1260 3060 nihil

75 3091 220 3145 mutatum
246 3105 320 3156 esse,
344 3090 375 3143 in
398 3091 526 3155 tantum,
550 3091 584 3144 ut
609 3089 657 3158 qui
677 3105 710 3143 ex
730 3089 851 3144 termula
869 3089 1002 3158 petitoria
1020 3092 1050 3147 in
1069 3111 1128 3148 rem
1148 3095 1262 3152 damna.

77 3181 177 3246 batur,
201 3181 382 3245 etiamtum,
402 3179 426 3234 si
443 3179 535 3234 vietus
554 3183 644 3246 esset,
662 3179 692 3234 in
712 3195 771 3234 rem
790 3180 880 3249 ipsam
901 3181 1144 3254 condemnaretur,
1164 3203 1261 3242 secun-

78 3270 212 3340 derieqne
231 3270 355 3336 actione,
375 3269 405 3323 ni
421 3268 554 3335 solveret,
572 3269 633 3340 cogi
649 3269 763 3324 deberet
779 3269 815 3324 ad
831 3270 1020 3345 pecuniariam
1037 3277 1261 3334 aestimationem

78 3361 250 3417 solvendam.
270 3361 311 3416 Gt.
331 3360 456 3430 proxime
476 3361 618 3429 sequentis
637 3377 702 3430 pag.
722 3377 804 3415 versu
824 3361 856 3415 3:
876 3363 943 3416 sieut
960 3361 1022 3418 clim
1040 3367 1099 3430 fieri
1116 3369 1220 3421 solebat.

116 3455 141 3513 ⁹⁵)
160 3452 245 3524 »Pam
265 3448 380 3506 interior
400 3449 552 3505 maximam
570 3453 681 3521 partem
701 3451 848 3506 difficulter
865 3448 996 3522 legitur”.

117 3540 146 3608 1)
164 3541 205 3598 (tr
225 3541 388 3614 (omissoasc)
405 3540 528 3595 incertae
546 3533 565 3599 t
581 3540 779 3596 condemnatio
798 3541 901 3611 pedae.

7 3670 10 3675 -
117 3631 146 3698 2)
164 3631 254 3696 'Periit
278 3649 351 3685 nnus
377 3627 471 3684 versus
497 3625 666 3700 Archetypi:
694 3629 778 3684 iudici
801 3632 903 3695 >derina
920 3631 1175 3712 pmittit'ziudiei
1194 3651 1257 3689 eon-

80 3720 224 3777 demnatio
242 3719 424 3792 permittitur.

116 3810 145 3876 3)
164 3811 203 3867 Oa
223 3811 399 3866 condemnet.
418 3808 534 3864 fortasse
554 3808 707 3879 scripturus
727 3808 782 3864 fuit
801 3810 892 3866 scriba
910 3810 1147 3880 »condemnaret
1163 3813 1260 3870 sedin

78 3900 183 3956 talibus
209 3918 265 3957 non
290 3919 359 3973 opus
382 3903 425 3954 set
447 3899 530 3955 anxie
553 3917 719 3970 quaeramus
744 3900 813 3970 quid
838 3902 867 3956 in
891 3901 990 3958 Codice
1015 3903 1122 3971 exstet,
1147 3921 1211 3961 cum
1230 3904 1260 3960 in

78 3992 230 4063 archetypo
250 3994 325 4048 certe
344 3990 440 4047 omnia
458 3991 530 4047 talia
548 4007 598 4062 per
616 3993 698 4047 notas
717 3991 821 4062 scripta
839 4009 898 4048 esse
917 3992 1072 4049 videantur.
