2880 4614
439 63 494 115 cn
511 41 567 113 111.
591 49 627 135 g
642 45 829 117 127-133.
1162 56 1228 124 ecc

42 254 111 320 que
133 256 191 323 par
213 237 357 303 omnium
381 258 475 302 causa
498 243 563 310 est,
589 241 673 324 quod
696 245 724 306 si
747 243 832 327 qui[r
854 242 942 327 quid]
965 247 1022 328 pm
1045 243 1131 334 [r]eo
1154 243 1223 336 sol-l

40 355 149 430 verit,
173 355 240 417 eius
262 353 457 438 reciperandi
481 374 574 416 causa
598 354 693 418 habet
713 377 788 427 cum
809 355 1188 439 comandatiiudicium,
1212 363 1217 449 Ι
1238 385 1264 429 ro

41 463 77 522 et
109 460 170 523 hoc
200 458 338 544 amplius
368 479 531 544 sponsores
563 481 601 524 ex
633 460 705 547 lege
735 460 878 527 Publilia
907 464 1079 560 proprilam
1104 466 1270 557 habente,
1284 492 1310 538 ra

39 567 262 630 actionem-in
285 566 435 652 duplum,
461 586 541 650 quae
563 565 743 651 appellatur
766 566 932 651 depensil

2 671 23 754 t)
88 671 223 736 Litteris
242 671 398 760 obligatio
409 669 462 756 fit,
477 671 578 738 veluti
590 675 624 736 in
636 673 820 737 nominibus
832 675 1099 759 transscripticiis.
1136 677 1190 744 Fit
1211 681 1216 765 Ι
1237 702 1263 748 re

38 781 155 842 autem
168 772 195 859 1)
217 798 331 844 nomen
355 780 643 864 uensscripticium
664 779 785 864 duplici
805 780 919 844 modo:
940 780 994 845 vel
1014 801 1032 845 a
1051 803 1085 847 re
1104 785 1138 847 in
1157 775 1226 870 per·
1238 808 1265 854 m

2 885 22 967 l)
38 903 173 961 sonem,
195 883 201 971 Ι
220 884 272 950 vel
303 905 321 949 a
343 887 532 970 personatu
554 906 729 969 personam.
766 887 812 969 [A
835 909 869 950 re
887 887 920 950 c'n
934 909 1093 970 perronem
1113 895 1262 979 troad-rr

37 990 175 1074 ‘scriptio
197 989 250 1068 fit,
276 982 378 1056 veluti
402 993 430 1056 si
452 991 500 1068 id,
526 992 610 1075 quod
633 999 665 1056 tc
690 993 740 1085 el'x
764 995 933 1078 emptionis
958 1014 1052 1060 causa
1076 1001 1132 1061 aut
1156 1020 1264 1066 conw

35 1095 202 1160 ductionis
226 1101 282 1161 aut
304 1099 464 1162 societatis
487 1097 569 1161 mihi
590 1097 595 1180 Ι
616 1097 746 1174 debeas,
771 1098 806 1163 id
829 1118 1002 1184 expensum
1026 1102 1087 1166 tibi
1110 1102 1223 1170 tulero.
1236 1125 1263 1171 re

2 1199 20 1288 ¹)
35 1202 66 1265 A
98 1223 242 1286 persona·
262 1204 296 1266 in
326 1223 491 1288 personam
513 1205 517 1280 Ι
538 1206 755 1289 transscriptio
787 1203 839 1289 fit,
869 1205 974 1271 veluti
1002 1208 1030 1270 si
1060 1208 1114 1286 id,
1141 1210 1263 1295 quodni

35 1308 125 1371 mihi
158 1307 263 1373 Titius
294 1308 401 1386 debet,
435 1309 496 1373 tibi
519 1310 553 1374 id
577 1315 771 1398 exllpensum
800 1311 921 1395 tulere,
946 1312 1049 1378 idest
1072 1317 1099 1379 si
1122 1315 1228 1381 Titius
1276 1315 1341 1382 163
1371 1327 1377 1337 '

8 1419 68 1489 lte
83 1413 110 1497 ²)
147 1414 343 1502 delegaverit
374 1415 468 1478 mihi.
516 1415 590 1479 Alia
614 1421 779 1482 causaest
803 1436 913 1481 eorum
936 1421 1120 1498 nominum,
1148 1443 1253 1506 quaer
1294 1410 1363 1498 ³³⁸)
1435 1443 1436 1479 1

34 1522 163 1585 arcaria
184 1505 367 1589 volcantur:
393 1523 428 1585 in
450 1521 502 1584 his
525 1522 612 1586 enirn
636 1522 683 1586 rei
706 1543 768 1587 non
790 1522 972 1588 litterarum
989 1524 1142 1613 obligatio
1155 1548 1250 1594 con-a

33 1628 156 1722 siletit3
182 1629 299 1712 quippe
321 1649 384 1692 non
404 1627 497 1692 aliter
516 1626 620 1705 valet,
643 1649 739 1712 quam
760 1631 787 1693 si
803 1639 971 1696 numerate
983 1633 1025 1695 sit
1038 1636 1188 1717 pecunia,
1211 1635 1250 1719 11

32 1735 221 1809 numeratio
253 1738 360 1798 autem
393 1735 546 1818 pecuniae
578 1735 624 1797 rei
639 1735 664 1817 ³)
697 1734 774 1799 facit
805 1735 1044 1822 obligationem.
1095 1738 1165 1820 Qua
1188 1740 1251 1806 des

34 1857 138 1902 causa
167 1844 262 1920 relcte
291 1841 449 1916 dicemus,
475 1841 594 1904 arcaria
615 1843 745 1906 nomina
767 1840 892 1906 nullam
916 1843 1017 1911 iacere
1041 1845 1285 1932 obligatio-ea

2 1944 22 2028 t)
35 1964 138 2022 nem,
159 1945 214 2010 sed
233 1945 438 2031 obligationis
458 1945 558 2010 factae
571 1949 793 2011 testimonium
805 1950 974 2034 praejbere.
1022 1951 1113 2016 Unde
1126 1953 1250 2018 etiams

32 2053 167 2136 proprie
179 2051 205 2136 ⁴)
239 2052 374 2128 dicitur,
403 2053 531 2117 arcariis
554 2054 735 2118 nominibus
758 2050 948 2140 polregrinos
971 2056 1124 2146 obligari;
1151 2061 1251 2143 quiae

33 2178 105 2222 non
135 2159 201 2242 ipso
231 2159 359 2222 nomine
395 2157 449 2222 sed
476 2161 693 2224 numeratione
714 2161 718 2243 Ι
739 2162 891 2244 pecuniae
912 2162 1115 2250 obligantur,
1139 2164 1261 2249 quodro

2 2262 22 2349 t)
36 2283 147 2350 genus
165 2263 370 2350 obligationis
389 2265 469 2328 iuris
487 2261 647 2353 genitium
678 2271 741 2330 est:
764 2267 769 2349 Ι
790 2271 1047 2352 transscripticiis
1069 2289 1144 2336 vero
1169 2290 1223 2335 no·
1234 2293 1268 2350 u,
1281 2292 1307 2340 ra

37 2370 188 2433 minibus
219 2389 259 2433 an
290 2369 474 2456 obligentur
502 2373 664 2456 peregrini
684 2372 689 2456 Ι
709 2373 823 2436 merito
855 2375 1036 2459 quaeritur,
1061 2379 1136 2461 qnia
1160 2396 1260 2461 quola

26 2479 98 2560 fiat
110 2477 138 2554 ⁵)
167 2476 261 2541 modo
290 2476 369 2539 iuris
393 2475 498 2542 civilis
523 2481 570 2540 est
593 2475 668 2540 talis
693 2471 880 2564 obligaltic‚
903 2479 986 2562 quod
1010 2479 1133 2548 Nervae
1157 2481 1223 2566 pla
1236 2504 1262 2549 u

26 2684 229 2700 hm———n—nnd

73 2777 104 2849 1)
125 2773 170 2831 Gn
190 2793 235 2832 an.

73 2867 102 2937 *)
123 2883 204 2938 »pag
223 2863 340 2922 interior
358 2861 490 2922 facillime
509 2862 642 2940 legitur”.

73 2955 103 3028 2)
124 2959 177 3028 (se)
203 2957 247 3013 (1.1
275 2958 316 3014 of.
340 2961 358 3012 l.
386 2959 417 3013 11
446 2977 487 3030 pr.
507 2958 541 3012 D.
561 2958 595 3012 de
614 2959 717 3014 Norat.
738 2957 800 3028 (46,
822 2957 863 3029 ii:
884 2959 1021 3028 »delegare
1040 2961 1084 3013 est
1103 2958 1162 3015 rice
1183 2955 1234 3020 sua

29 3045 125 3102 aliurn
150 3064 228 3102 reum
253 3047 319 3103 dere
344 3049 489 3116 creditori,
518 3049 562 3104 vel
589 3048 635 3104 cui
659 3047 799 3102 iusserit”.
837 3047 898 3114 Qua
916 3048 977 3120 lege
997 3048 1083 3104 miror
1102 3051 1234 3106 Huschke

31 3135 158 3194 voluisse
174 3137 293 3208 probare
311 3137 357 3194 hic
376 3138 525 3210 legendum
545 3156 618 3194 esse:
640 3141 735 3210 »[pro]
759 3155 787 3192 se
807 3138 1011 3210 delegaverit’:
1029 3139 1109 3210 quasi
1126 3141 1234 3214 scilicet

28 3228 61 3282 in
84 3245 118 3282 ea
138 3231 211 3283 esset
231 3245 298 3299 »pro
318 3245 347 3284 se
365 3221 494 3300 delegare
514 3232 557 3284 est
577 3229 648 3283 etc.”
727 3231 740 3260 ⁸

74 3319 105 3390 3)
125 3317 168 3372 Oc
179 3335 208 3372 re
217 3317 255 3372 in.
265 3318 360 3373 Mendi
370 3319 506 3391 originem
515 3317 637 3372 indicavi
647 3317 750 3372 Mnem.
761 3317 832 3373 Nor.
844 3317 901 3372 Ser.
912 3317 969 3384 ΙΙΙ,
982 3319 995 3370 1
1007 3360 1014 3384 ,
1026 3337 1090 3390 pag.
1103 3321 1172 3386 114,
1184 3320 1232 3374 ubi

27 3427 66 3465 ex
86 3407 184 3463 eodem
203 3409 281 3464 fonte
300 3409 421 3481 explicui
438 3409 571 3465 mendum
589 3425 670 3464 versu
690 3409 707 3461 9
724 3408 915 3463 commissum:
934 3425 1033 3464 nomen
1044 3411 1230 3480 (prornumc)
1273 3424 1275 3429 ·

28 3499 143 3554 ratione
153 3498 260 3582 picae
278 3502 330 3571 (Ξ
345 3517 395 3571 per
421 3502 463 3556 est
489 3516 603 3566 causae,
628 3516 690 3568 pro:
718 3503 825 3568 pecco).
864 3498 905 3550 Ex
932 3497 1029 3553 codem
1049 3499 1126 3554 fonte
1146 3499 1232 3554 etiam

29 3593 76 3645 est
101 3589 179 3659 quod
201 3605 281 3644 versu
301 3591 318 3643 4
337 3607 401 3660 pto:
421 3579 495 3662 lippe
517 3589 651 3660 scriptum
670 3589 715 3642 est
733 3583 844 3672 (rppe,¹
866 3590 895 3642 et
914 3604 996 3643 versu
1017 3589 1052 3642 12
1072 3606 1121 3659 pro
1143 3593 1233 3644 trans·

30 3675 184 3747 scripticiis
203 3677 417 3748 tresscripticiis.

70 3769 101 3840 4)
123 3767 254 3822 »Etiam”
270 3769 398 3825 voculam
408 3767 565 3839 transposui
574 3787 580 3824 :
590 3768 620 3822 in
631 3767 724 3823 codice
735 3767 810 3822 enim
820 3785 966 3839 perperam
976 3769 1081 3840 legitur
1090 3772 1157 3825 ante
1168 3787 1233 3842 »pe-
1306 3783 1331 3846 s

30 3857 187 3930 regrinos”.
207 3858 249 3913 De
260 3858 399 3930 ›propric''
409 3861 485 3930 (non,
496 3862 530 3913 ut
539 3858 667 3913 nonnulli
677 3859 827 3915 voluerunt
839 3861 1026 3932 nimproprie”)
1038 3861 1073 3916 cf.
1084 3860 1233 3917 chdsmit
1314 3907 1341 3911 ᾖ.
1361 3903 1364 3909 -
1379 3913 1404 3919 ἡ
1433 3883 1436 3946 p

30 3947 79 4003 Kr.
101 3948 188 4002 Aant.
207 3966 235 4019 p.
252 3949 296 4002 59.
316 3947 443 4004 Gtschen
462 3949 534 4004 falsa
550 3949 776 4020 interpunctione
795 3952 860 4020 post
882 3949 1027 4020 »gentium
1049 3950 1110 4005 est’'
1127 3952 1229 4022 quibus

31 4038 126 4094 verbis
147 4038 367 4106 corconensis,
386 4038 489 4094 iustam
509 4039 592 4095 huius
612 4043 636 4110 §t
655 4039 916 4110 interpretationem
934 4041 1097 4111 praeclusit.

69 4131 102 4205 5)
123 4127 170 4185 Oc
190 4126 243 4197 ddi
261 4131 312 4202 (=
330 4129 472 4203 quodam).
