2894 4616
199 58 264 122 458
513 1 608 119 'lusu
638 51 692 130 lv,
717 69 794 115 666.
821 72 858 136 pr
893 51 929 134 ἓξ
955 47 1052 112 1-3,

740 299 843 366 xvn.

594 451 644 511 66
666 449 816 510 6661616
836 447 988 510 6666666.
1118 409 1120 416 ’

243 599 408 685 Superest,
443 601 481 662 ut
516 595 555 661 16
587 593 689 660 officio
720 593 837 658 iudicis
867 591 1085 679 dispiciamus.
1133 598 1165 658 61
1196 591 1367 677 66116616

194 707 308 792 primis
342 703 425 770 illud
455 704 620 769 observare
652 699 745 767 debet
775 697 895 778 iudex,
925 720 965 764 66
997 699 1090 765 aliter
1120 697 1258 783 iudicet,
1290 717 1369 782 quan

194 811 322 900 legibus
357 815 413 876 661
448 807 728 874 constitutionibus
763 809 820 870 661
853 806 997 871 moribus
1031 805 1195 891 proditum
1230 809 1284 869 est.
1336 802 1392 866 1111

194 917 265 982 1166
287 918 315 982 61
338 914 446 982 noxali
469 914 589 979 iudicio
613 913 719 978 aditus
732 907 756 997 ¹)
779 914 847 998 est,
872 911 1038 978 observare
1062 910 1170 990 debet,
1194 917 1247 995 ut,
1268 910 1294 975 si
1312 929 1370 973 con-

195 1023 392 1090 demnandus
409 1020 571 1088 videbitur
588 1020 753 1104 dominus,
771 1020 818 1090 ita
838 1017 951 1084 debeat
970 1017 1195 1084 condemnare:
1211 1015 1369 1096 „Publium

196 1127 362 1196 Maeuium
395 1129 495 1193 Lucio
526 1125 612 1192 Titio
642 1127 750 1192 decem
783 1123 887 1191 aureis
919 1125 1091 1191 condemno
1115 1129 1172 1189 aut
1194 1143 1308 1189 noxam
1329 1120 1372 1184 de·

198 1235 303 1301 dere.”
340 1235 382 1302 111
413 1237 440 1299 61
472 1237 507 1298 16
532 1253 598 1298 rem
624 1239 732 1298 actum
756 1235 818 1307 611,
844 1231 913 1298 6166
936 1236 1045 1297 contra
1066 1233 1236 1317 petitorem
1260 1228 1394 1292 indica-r

197 1345 264 1425 vit,
306 1340 469 1406 absolvere
514 1340 607 1404 debet
649 1359 878 1423 possessorem,
915 1340 983 1405 sive
1017 1345 1125 1403 contra
1158 1354 1372 1421 possessorem,

196 1448 305 1512 iubere
334 1466 409 1511 eum
434 1445 541 1516 debet.
569 1452 606 1511 ut
630 1466 697 1510 rem
720 1447 823 1530 ipsam
848 1444 997 1509 restituat
1021 1464 1094 1509 cum
1118 1441 1285 1508 fructibus.
1330 1437 1374 1503 sed

196 1557 224 1618 si
256 1553 290 1617 in
319 1555 475 1638 praesenti
508 1557 604 1638 neget
634 1572 667 1616 se
693 1570 852 1636 possessor
874 1550 1041 1615 restituere
1063 1569 1154 1634 posse
1177 1553 1210 1613 et
1232 1549 1300 1612 sine
1321 1545 1375 1608 iru-

199 1662 350 1725 stratione
372 1659 535 1724 videbitur
554 1664 682 1742 tempus
702 1657 889 1722 restituendi
908 1677 1002 1722 66666
1018 1664 1140 1743 petere,
1153 1651 1375 1740 indulgendum

198 1773 246 1830 est
276 1768 324 1848 ei,
356 1771 394 1829 61
423 1771 530 1830 tamen
554 1764 592 1828 de
616 1763 684 1828 11116
708 1765 930 1828 aestimatione
954 1768 1065 1828 caveat
1088 1783 1162 1826 cunr
1184 1753 1374 1833 fideiussore,

198 1875 225 1936 61
247 1875 332 1936 intra
355 1880 482 1957 tempus
506 1869 589 1956 quod
613 1871 643 1935 ei
667 1869 780 1934 datum
804 1876 936 1934 estnon
960 1871 1159 1935 restituisset.
1192 1871 1224 1932 et
1247 1868 1276 1931 si
1297 1865 1375 1929 here·

203 1977 285 2042 ditas
308 1978 409 2062 petita
432 1977 492 2059 sit,
518 1975 628 2040 eadem
649 1976 733 2040 61666
752 1973 875 2040 1666166
894 1975 1128 2052 interveniunt,
1149 1993 1229 2058 quae
1247 1972 1377 2036 diximus

196 2082 387 2148 intervenire
410 2081 444 2146 in
470 2080 672 2168 singularum
696 2102 803 2146 rernm
828 2081 992 2166 petitione.
1039 2081 1168 2146 illorum
1191 2085 1301 2145 autem
1323 2077 1379 2141 frn-

198 2196 329 2264 ctuum‚
365 2208 442 2272 6666
476 2187 571 2272 culpa
606 2208 664 2251 sua
693 2207 851 2272 possessor
881 2207 944 2252 non
973 2187 1163 2272 perceperit,
1197 2188 1231 2250 in
1256 2190 1380 2268 6166666

195 2295 318 2360 6611666
350 2294 460 2359 eadem
492 2291 573 2358 ratio
606 2313 704 2377 paene
735 2291 791 2368 fit,
817 2293 843 2357 si
867 2293 982 2377 praedo
1004 2294 1112 2358 166611.
1159 2295 1286 2357 sivero
1308 2292 1380 2355 bona

196 2400 257 2466 fide
291 2420 448 2485 possessor
483 2399 597 2474 fuerit,
628 2418 692 2462 non
722 2398 859 2474 habetur
890 2401 970 2464 66116
1001 2403 1265 2482 consumptorum
1288 2415 1380 2479 neque

195 2527 258 2572 non
285 2511 522 2592 perceptorum:
547 2509 619 2590 post
642 2503 825 2569 inchoatam
849 2511 957 2570 autem
980 2507 1169 2590 petitionem
1194 2506 1293 2568 etiam
1314 2501 1380 2566 illo·

195 2634 268 2678 rum
299 2615 380 2677 ratio
404 2611 553 2685 habetur,
579 2611 634 2694 661
658 2609 752 2695 culpa
776 2613 964 2696 possessoris
987 2613 1129 2696 percepti
1151 2630 1214 2676 non
1238 2612 1314 2674 sunt
1336 2605 1380 2672 vel

194 2722 334 2804 percepti
357 2716 539 2802 consumpti
563 2707 646 2780 6661.
695 2715 729 2781 Si
753 2717 792 2783 ad
814 2717 1028 2783 exhibendum
1053 2715 1303 2799 actum-inerit,
1326 2733 1401 2778 noni

196 2824 329 2900 sufficit,
361 2825 388 2887 si
412 2823 560 2888 exhibeat
584 2825 703 2887 remis
727 2844 802 2887 cum
827 2844 889 2907 666
915 2829 1024 2889 actum
1048 2828 1114 2900 661,
1139 2821 1195 2887 661
1218 2841 1298 2907 opus
1321 2827 1378 2901 est,

193 2941 231 2995 61
261 2934 359 2995 etiam
388 2928 597 2994 6666666661
628 2929 741 2994 debeat
772 2930 936 3006 exhibere,
969 2929 1003 2994 id
1033 2932 1080 2995 est
1102 2934 1141 2992 61
1163 2948 1235 2993 eam
1261 2947 1378 2993 666666

194 3037 309 3101 habeat
339 3040 441 3109 actor,
467 3054 563 3120 quam
587 3034 756 3100 habiturus
779 3041 876 3112 esset,
903 3037 948 3114 61,
973 3057 1046 3101 cum
1070 3037 1212 3119 primum
1236 3033 1377 3099 616611-

193 3141 333 3205 bendum
369 3143 504 3228 egisset,
541 3142 684 3206 exhibita
716 3162 764 3206 res
795 3141 924 3206 inisset:
957 3141 1090 3226 ideoque
1120 3143 1147 3205 si
1174 3141 1262 3204 inter
1283 3157 1376 3204 moras

195 3252 349 3331 usucapta
372 3250 414 3310 sit
437 3268 487 3311 res
513 3267 531 3311 6
553 3265 745 3332 possessore,
770 3247 1003 3312 nihilominus
1027 3247 1268 3312 condemnatur.
1296 3265 1375 3334 prae·

191 3359 277 3418 terea
307 3351 472 3416 fructuum
504 3352 604 3417 medii
635 3356 804 3439 temporis,
835 3353 870 3417 id
902 3360 949 3418 661
981 3356 1069 3432 6166,
1095 3353 1179 3437 6661
1202 3359 1276 3438 post
1298 3373 1372 3418 accc·

188 3465 281 3544 ptum
313 3459 352 3524 ad
381 3458 596 3524 exhibendum
621 3458 777 3524 iudicium
802 3465 874 3524 ante
897 3481 965 3524 rem
989 3459 1165 3525 iudicatam
1188 3458 1371 3532 intercessit,

191 3565 348 3630 rationem
379 3564 495 3630 habere
527 3564 621 3630 debet
649 3565 755 3629 iudex.
806 3565 889 3648 quod
913 3567 941 3629 61
964 3569 1060 3651 neget
1083 3566 1130 3640 is,
1156 3585 1233 3629 cum
1259 3585 1318 3649 666
1339 3563 1371 3628 61

192 3670 407 3735 exhibendum
432 3678 540 3736 actum
565 3676 630 3747 est,
654 3673 688 3734 in
707 3673 864 3754 praesenti
885 3672 1033 3736 exhibere
1052 3691 1085 3736 66
1104 3691 1196 3756 posse
1214 3675 1248 3736 et
1260 3676 1374 3755 tempus

193 3775 362 3841 exhibendi
387 3797 481 3842 66666
503 3782 592 3862 petat
614 3777 711 3863 idque
730 3779 798 3842 sine
818 3778 1019 3844 frustratione
1038 3775 1201 3864 postulare
1219 3777 1371 3859 videatur,

226 4011 255 4080 1)
274 4009 331 4064 Ka:
352 4012 491 4069 addictus.
