2894 4616
192 54 258 124 412
574 69 656 122 rear.
681 53 736 132 ill,
765 73 809 119 n.
833 53 870 139 §t
895 55 993 120 l-ut.

239 247 342 317 llaec
374 248 423 318 lta
448 257 568 330 mant,
595 245 628 318 si
648 239 788 315 iuram
811 241 993 342 agebatur.
1043 241 1100 312 sin
1124 265 1209 314 vcra
1234 243 1272 311 in
1293 265 1398 340 per-t

192 379 336 444 sonam,
357 357 414 460 ¹ab
440 361 570 431 actoris
595 357 738 457 quidem
764 367 863 454 parte
889 356 1011 460 cadem
1039 354 1265 452 optiminam,
1290 381 1374 454 quae

192 470 344 544 diximus
366 473 402 542 in
425 473 564 544 actione
585 495 653 570 qua
673 473 710 541 in
731 495 804 541 rem
829 473 955 568 agitur.
1001 467 1046 577 ab
1065 471 1140 541 eius
1158 493 1244 542 vero
1262 481 1375 568 parte,

195 613 275 656 cum
309 611 380 684 quo
414 587 549 684 agitur,
584 585 614 655 si
640 583 782 684 quidem
807 583 924 655 alieno
949 585 1093 654 nomine
1118 581 1247 682 aliquis
1269 584 1379 654 inter·
1436 653 1437 684 ἶ

192 699 341 786 venerit,
391 695 596 769 omnimodo
634 693 838 782 satisdaret,
876 697 959 795 quia
997 721 1102 768 nemo
1139 694 1311 786 defensor
1346 697 1378 764 in

192 811 306 882 aliena
342 836 379 881 re
414 811 490 882 sine
524 807 753 884 satisdatione
788 809 936 882 idoneus
964 836 1040 882 esse
1072 807 1241 910 creditur.
1288 809 1380 908 quod

193 926 223 995 si
243 925 386 1024 proprio
407 927 548 996 nomine
571 923 699 1024 aliquis
720 921 888 994 iudicium
909 921 1108 1021 accipiebat
1124 923 1160 991 in
1173 947 1380 1020 personam,

194 1040 373 1106 iudicatum
397 1038 479 1106 solvi
503 1039 655 1104 satisdare
679 1059 741 1104 non
765 1038 948 1125 cogebatur.

232 1143 303 1230 ,sed
337 1145 414 1211 haec
445 1144 540 1210 hodie
571 1144 664 1210 aliter
695 1145 919 1228 observantur,
953 1145 1020 1209 sive
1051 1141 1136 1208 enim
1160 1144 1232 1227 quis
1255 1145 1296 1208 in
1319 1165 1404 1209 rema
1436 1155 1437 1162 ’

195 1252 317 1318 actione
353 1253 540 1317 convenitur
574 1251 642 1317 sive
675 1251 832 1337 personali
868 1270 925 1315 suo
955 1249 1103 1326 nomine,
1135 1249 1260 1315 nullam
1298 1253 1383 1316 satis-

194 1359 356 1450 dationem
381 1362 509 1444 propter
529 1356 598 1422 litis
622 1359 877 1423 aestimationem
902 1357 976 1422 darc
1000 1353 1221 1442 compellitur,
1247 1355 1310 1422 sed
1334 1378 1384 1442 pro

195 1485 253 1529 sua
285 1468 412 1530 tantum
443 1483 592 1548 persona,
625 1463 709 1550 quod
737 1463 857 1528 iudicio
880 1469 1063 1548 permaneat
1084 1483 1184 1550 usque
1208 1461 1250 1530 ad
1274 1465 1384 1530 termi-

195 1591 274 1638 num
307 1569 391 1646 litis,
425 1568 477 1636 vel
500 1570 716 1634 committitur
739 1590 814 1634 suae
838 1569 1040 1654 promissioni
1064 1590 1137 1634 cum
1161 1568 1383 1644 iureiurando,

197 1697 294 1760 quam
325 1677 510 1740 iuratoriam
544 1678 723 1742 cautionem
752 1682 886 1753 vocant,
921 1674 973 1741 vel
997 1675 1116 1740 nudam
1139 1677 1384 1760 promissionem

200 1780 252 1847 vel
277 1781 515 1848 satisdationem
539 1801 594 1865 pro
619 1779 773 1868 qualitate
801 1803 952 1868 personae
974 1803 1049 1848 suae
1073 1781 1146 1847 dare
1170 1781 1384 1866 compellitur.
1437 1774 1438 1843 l

198 1886 256 1952 Sin
287 1893 395 1952 autem
426 1907 482 1976 per
504 1893 739 1972 procuratorem
763 1888 804 1953 lis
827 1888 880 1954 vel
902 1889 1037 1955 infertur
1059 1887 1113 1954 vel
1134 1888 1335 1974 suscipitur,
1357 1887 1408 1951 inc

199 1993 313 2059 actoris
336 1993 465 2076 quidem
489 2013 638 2080 persona,
667 1997 695 2059 si
718 2015 780 2060 non
803 1994 991 2061 mandatum
1013 1999 1093 2061 actis
1116 1989 1325 2058 insinuatum
1347 2001 1387 2059 est

198 2099 250 2168 vel
279 2119 425 2188 praesens
449 2098 597 2165 dominus
619 2100 687 2168 litis
709 2102 744 2165 in
767 2100 886 2167 iudicio
909 2091 1122 2186 procuratoris
1143 2102 1194 2166 sui
1217 2121 1383 2188 personam

141 2233 146 2244 ·
196 2203 447 2289 confirmaverit,
484 2210 586 2271 ratam
621 2227 689 2272 rem
724 2207 891 2273 dominnm
921 2207 1110 2272 habiturum
1140 2205 1383 2272 satisdationem

191 2317 374 2400 procurator
404 2312 478 2378 dare
508 2311 726 2398 compellitur:
759 2314 868 2379 eodem
893 2313 1085 2379 observando
1110 2318 1143 2377 et
1165 2313 1193 2377 si
1218 2315 1315 2376 tutor
1337 2310 1383 2376 rel

149 2437 156 2452 ⁴
197 2422 323 2486 curator
351 2417 404 2486 val
431 2417 512 2486 aliae
536 2419 615 2486 tales
637 2439 804 2506 personae,
828 2441 908 2506 qnae
931 2417 1108 2484 alienarum
1131 2439 1241 2484 rerum
1265 2420 1381 2506 guber·

195 2527 357 2594 nationem
379 2532 582 2608 receperunt,
607 2523 700 2591 litem
724 2527 914 2610 quibusdam
937 2546 992 2610 per
1015 2521 1116 2612 alium
1136 2525 1292 2590 inferunt.
1327 2523 1403 2588 Sina
1436 2549 1437 2552 ¹

197 2651 272 2696 vero
302 2630 418 2712 aliquis
447 2630 646 2713 convenitur,
679 2633 706 2695 si
729 2630 858 2715 quidem
880 2649 1026 2716 praesens
1049 2635 1290 2716 procuratorem
1315 2631 1382 2695 dare

197 2741 325 2820 paratus
348 2741 413 2819 est,
436 2740 541 2820 potest
564 2736 616 2802 vel
639 2739 763 2821 ipsein
786 2738 943 2803 iudicium
971 2741 1078 2805 venire
1101 2742 1134 2802 et
1156 2739 1209 2802 sui
1233 2758 1380 2823 procura-

197 2844 275 2907 toris
305 2862 472 2927 personam
503 2863 558 2928 per
588 2843 767 2908 iudicatum
790 2843 872 2910 solvi
895 2843 1110 2909 satisdationis
1132 2843 1309 2910 sollemnes
1333 2845 1382 2908 sti-

196 2947 373 3033 pulationes
406 2945 532 3013 firmare
563 2948 616 3014 vel
648 2953 736 3014 extra
765 2948 923 3014 iudicium
946 2949 1185 3015 satisdationem
1210 2967 1381 3034 exponere,

196 3074 252 3138 per
282 3074 380 3140 quam
408 3056 476 3139 ipse
506 3057 557 3120 sui
590 3057 801 3140 procuratoris
832 3053 995 3120 fideiussor
1020 3055 1130 3121 existit
1153 3075 1211 3141 pro
1236 3056 1382 3120 omnibus

196 3159 375 3226 iudicatum
409 3160 492 3228 solvi
525 3161 740 3228 satisdationis
772 3160 934 3228 clausulis.
981 3163 1039 3228 ubi
1070 3166 1103 3226 et
1132 3161 1171 3226 de
1200 3160 1381 3248 hypotheca

196 3284 327 3330 suarum
350 3285 457 3330 rerum
481 3269 649 3333 convenire
671 3266 889 3352 compellitur,
915 3267 983 3335 sive
1005 3269 1040 3332 in
1059 3267 1179 3332 iudicio
1199 3269 1380 3352 promiserit

196 3372 263 3438 sire
283 3375 375 3436 extra
391 3370 548 3436 indictum
567 3374 703 3451 carent,
725 3377 763 3437 ut
782 3377 850 3437 tam
871 3375 938 3458 ipse
957 3393 1054 3458 quam
1072 3373 1205 3438 heredes
1224 3373 1295 3440 eins
1307 3375 1379 3440 obli·
1436 3405 1437 3416 κ

140 3565 142 3570 Δ
197 3483 330 3566 gantur:
363 3475 427 3542 alia
456 3479 585 3564 insuper
612 3477 736 3544 cantela
766 3477 819 3545 vel
842 3479 1046 3545 satisdatione
1067 3483 1195 3564 propter
1219 3501 1377 3566 personam

196 3585 297 3669 ipsius
319 3584 518 3672 exponenda,
544 3585 627 3669 quod
651 3589 792 3670 tempore
814 3589 988 3652 sententiae
1011 3586 1190 3652 recitandae
1216 3588 1252 3652 in
1271 3588 1380 3653 iudicio

197 3691 396 3773 invenietur,
431 3690 483 3756 vel
518 3692 545 3758 si
574 3710 638 3757 non
669 3681 814 3770 venerit,
839 3695 946 3760 omnia
976 3694 1065 3760 dabit
1094 3691 1279 3772 fideiussor,
1306 3715 1377 3780 quae

199 3795 453 3860 condemnationi
488 3797 701 3875 continentur,
739 3800 803 3864 nisi
837 3798 936 3884 fuerit
967 3805 1188 3887 provocatum.
1238 3799 1276 3866 Si
1308 3821 1399 3868 veros

198 3920 269 3973 reus
300 3907 424 3986 praesto
456 3923 495 3968 ex
519 3923 718 3990 quacumque
741 3925 836 3971 causa
857 3926 920 3972 non
942 3905 1040 3972 firerit
1063 3911 1095 3972 et
1118 3905 1203 3972 alius
1227 3907 1309 3975 velit
1331 3909 1375 3972 de

199 4004 374 4072 tensionem
407 4009 533 4094 subire,
568 4006 664 4077 nulla
689 4009 864 4080 differentia
892 4014 977 4081 inter
1010 3999 1149 4081 mttere
1179 4014 1216 4080 in
1239 4034 1310 4082 rem
1331 4013 1375 4084 vel
