2894 4616
446 49 501 97 on
524 27 576 108 iv,
604 31 639 114 §a
669 27 854 96 isonat.
1184 29 1249 98 oso

18 223 46 304 4)
99 220 186 288 Oum
209 225 319 289 autem
338 221 371 288 in
390 222 440 286 ius
454 225 586 286 vocatus
604 219 702 285 fuerit
721 221 919 287 adversarius
939 240 1040 305 neque
1053 240 1088 285 eo
1101 221 1152 286 die
1164 221 1248 286 finiri
1274 245 1295 286 n

57 309 211 414 poltuerit
240 329 426 417 negotium,
458 326 678 394 vadimonium
710 329 740 390 ei
763 326 945 392 faciendum
969 332 1016 390 est
1029 322 1078 410 1),
1103 324 1160 393 uti
1179 348 1248 412 pro·
1272 349 1307 408 aa,
1321 350 1346 392 aa

18 435 46 517 5)
58 437 171 500 mittat
189 456 222 502 se
242 440 327 500 oerto
348 433 399 498 die
419 435 500 498 sisti.
546 432 645 497 Fiunt
657 438 765 498 autem
778 432 1165 518 vadimoniaquibusdam
1185 437 1191 518 1
1212 455 1249 499 ox
1273 457 1298 498 et

58 543 163 607 causis
173 562 252 627 pura
263 541 297 605 id
310 543 373 624 est,
387 541 454 604 sine
467 537 686 622 satisdatione,
701 537 892 622 quibusdam
903 558 977 602 oum
990 537 1211 624 satisdatione,
1224 548 1242 621 1)

57 647 251 732 quibusdam
269 644 491 721 iureiurando,
512 644 702 732 quibusdam
718 641 1192 730 recuperatoribuslsnppositis,
1207 683 1247 694 -
1274 669 1287 710 a
1323 648 1383 710 251

55 754 88 818 id
111 757 159 818 est
177 751 284 837 utqui
303 771 366 816 non
377 750 520 836 steterit,
532 750 677 836 protinus
689 771 707 815 a
718 749 1002 835 recuperatoritbus
1013 749 1049 812 in
1060 750 1245 839 summa[m]
1273 775 1285 816 a
1317 739 1386 812 iffi

55 857 236 925 vadimonii
249 857 529 923 condemnetur-:
543 877 641 941 eaque
654 855 782 944 singula
795 854 978 952 dilligenter
985 855 1138 940 praetoris
1150 857 1252 924 edicto
1276 881 1289 924 ι

16 963 288 1053 i)signifioantur.
313 963 355 1030 ut
378 963 538 1047 siquidem
564 957 708 1051 iudiloati
731 960 899 1049 depensive
922 966 1054 1049 agotum
1074 966 1157 1028 tanti
1176 963 1213 1030 fit
1226 964 1252 1052 ²)
1277 990 1290 1030 a

58 1072 284 1138 vadimonium
308 1067 419 1156 quanti
443 1089 479 1134 ea
500 1071 505 1152 Ι
524 1090 574 1134 res
594 1071 671 1146 erit;
693 1069 815 1135 sivero
836 1090 873 1133 ex
887 1070 1019 1136 caeteris
1031 1070 1134 1136 oensis
1147 1070 1257 1156 quanti
1279 1091 1293 1134 o

55 1184 146 1244 actor
168 1177 323 1243 iuraverit
345 1196 409 1241 non
433 1172 618 1268 oatlumniae
642 1195 737 1240 eausa
759 1176 919 1261 postulare
944 1177 1006 1240 sibi
1029 1176 1251 1243 vadimonium
1275 1199 1288 1242 s

56 1283 226 1371 promitti,
249 1277 308 1348 neo
331 1286 440 1346 tamen
459 1280 590 1368 plostris
609 1305 695 1365 qoam
712 1287 811 1364 portio
830 1282 973 1348 dimidiae
994 1284 1214 1366 oecplu]ribus
1227 1283 1253 1368 ⁸)
1276 1305 1290 1348 s

57 1411 160 1476 quam
190 1385 248 1452 HS
279 1384 305 1454 Ο
336 1386 469 1452 milibus
504 1384 541 1450 fit
576 1387 807 1452 vadimonium.
829 1389 835 1473 Ι
855 1387 966 1473 Itaque
1000 1391 1027 1453 si
1048 1395 1176 1454 centum
1197 1391 1290 1452 mio

57 1497 146 1561 lium
176 1515 226 1560 res
258 1493 337 1580 erit,
368 1514 425 1558 neo
455 1491 589 1558 iudicati
619 1492 788 1578 depensive
809 1493 949 1582 lugetur
976 1515 1039 1560 non
1062 1493 1135 1579 plus
1159 1477 1254 1578 quani
1282 1516 1304 1559 ιο

58 1600 120 1667 HS
144 1601 376 1686 quinquaginta
399 1598 534 1662 milibus
557 1596 594 1662 fit
617 1598 851 1665 vadimonium.
874 1601 879 1683 1
1124 1681 1126 1687 Ι

13 1707 45 1790 7)
108 1705 194 1788 Quas
226 1710 333 1771 autem
365 1725 513 1790 personas
544 1703 611 1767 sine
639 1707 796 1789 permissu
820 1705 973 1789 praetoris
996 1699 1185 1790 impune'in
1208 1706 1258 1770 ius
1283 1728 1304 1769 u

58 1833 174 1881 vooare
193 1810 199 1898 Ι
219 1831 282 1876 non
312 1831 499 1896 possumus,
530 1808 657 1874 easdem
688 1833 727 1874 ne
759 1811 943 1877 vadimonio
969 1810 1113 1898 [quidem]
1140 1811 1258 1876 invitas
1282 1833 1308 1878 aa

59 1918 206 2006 obligare
219 1916 246 2002 ⁴)
260 1911 267 1996 Ι
281 1936 466 2002 possumus,
488 1915 736 2001 praeterquam]
759 1915 784 1979 si
797 1922 924 2002 praetor
934 1917 1040 1982 aditus
1052 1919 1229 2002 permittat.
1240 1909 1256 2008 Η
1285 1939 1307 1982 u

67 2107 250 2120 W

106 2225 136 2295 1>
155 2189 206 2304 (aa
226 2221 256 2280 o.
282 2208 285 2216 ’

110 2315 139 2381 *)
159 2315 284 2386 »Pagina
303 2307 419 2368 interior
438 2327 493 2368 non
514 2305 662 2367 difficulter
681 2306 812 2382 legitur'⁴.

105 2406 136 2474 2)
155 2403 195 2460 Ca
213 2404 272 2458 fiat.
292 2403 420 2458 Editores
438 2402 580 2459 nonnulli:
601 2402 658 2456 fiet.

106 2495 136 2566 3)
155 2493 271 2550 Addidit
289 2492 431 2548 Huschke,
753 2488 769 2551 ,’

104 2586 135 2654 t)
154 2581 198 2655 tii)
226 2584 256 2639 G.
285 2585 360 2651 Quae
388 2586 456 2640 note
484 2581 562 2639 verbi
590 2603 642 2639 oon
668 2581 788 2654 repetite
814 2576 924 2638 videtur
950 2594 984 2638 ex
1004 2575 1144 2654 superiore
1163 2593 1254 2638 tonsu.

66 2674 201 2728 Huschke
221 2675 340 2744 conjecit
360 2690 377 2726 n
396 2690 456 2728 esse
475 2673 521 2728 hio
539 2693 590 2745 pro
609 2670 627 2744 fi
648 2689 764 2742 eamque
784 2676 880 2728 notam
901 2689 960 2728 esse
979 2672 1057 2728 verbi
1076 2674 1158 2726 nobis.
1178 2673 1253 2750 Quae

68 2768 165 2819 tamen
184 2771 252 2818 nota
271 2781 337 2818 num
357 2765 387 2817 in
407 2763 578 2841 usunfuerit,
599 2764 720 2819 dubitari
742 2765 844 2833 potest.
