2916 4604
215 53 280 123 170
596 77 679 125 rusr.
703 57 760 122 III.
785 77 806 122 1.
831 59 867 144 §5
890 47 1003 123 21)-7.

163 325 166 341 Ι
215 248 297 346 quiq
323 247 353 316 si
378 249 458 318 vivo
477 257 624 343 parente
642 251 716 319 nati
735 257 873 339 essent,
891 248 929 318 in
947 255 1120 343 potestate
1138 245 1245 317 futuri
1265 243 1393 335 forent,

164 349 167 360 ’
214 361 268 430 sui
290 358 440 431 heredes
462 372 552 430 sunt.
588 361 648 428 Sui
669 357 786 429 'autem
818 364 915 428 etiam
946 363 1130 450 ignorantes
1161 359 1241 426 fiunt
1265 359 1410 424 heredesr

213 479 265 558 et,
296 473 373 540 licet
396 475 507 540 furiosi
530 477 609 553 sint,
634 474 764 542 heredes
787 479 919 561 possunt
943 463 1095 540 exiitere:
1121 457 1195 559 quia
1217 475 1337 559 quibus
1360 493 1392 537 ex

214 582 318 646 causis
347 582 570 668 ignorantibus
601 577 780 667 adquiritur
810 582 918 664 nobis,
951 603 990 646 ex
1013 581 1065 646 his
1089 582 1191 645 causis
1214 585 1245 645 et
1268 580 1395 643 furiosis

212 687 337 772 adquiri
360 692 476 772 potest.
525 693 557 752 et
580 690 690 753 statim
714 692 817 752 morte
840 689 980 774 parentis
1003 689 1094 772 quasi
1116 687 1323 752 continuatur
1347 685 1394 748 do

212 794 369 857 minium:
402 797 433 857 et
463 794 534 860 ideo
565 816 622 859 nec
652 797 767 860 tutoris
799 796 987 860 auctoritate
1017 813 1096 879 opus
1116 797 1163 858 est
1185 796 1219 857 in
1241 789 1392 877 pupillis,

212 919 287 963 cum
323 900 422 964 etiam
453 901 675 987 ignorantibus
710 901 890 985 adquiritur
919 903 986 964 suis
1016 899 1185 966 heredibus
1215 897 1392 962 hereditas:

210 1026 267 1070 nec
291 1008 443 1070 curatoris
467 1025 618 1072 consensu
642 1006 822 1092 adquiritur
843 1005 979 1082 furioso,
1003 1005 1058 1070 sed
1081 1007 1150 1090 ipso
1171 1006 1250 1068 iure.
1291 1003 1409 1068 Inter-a

211 1109 288 1175 dum
319 1116 442 1189 autem,
476 1110 552 1177 licet
584 1115 618 1176 in
641 1117 796 1198 potestate
819 1115 933 1178 mortis
957 1118 1097 1197 tempore
1120 1132 1196 1175 suus
1218 1110 1312 1174 heres
1337 1129 1394 1172 non

213 1216 296 1294 fuit,
328 1223 434 1283 tamen
464 1239 540 1283 suus
570 1219 660 1284 heres
684 1221 807 1305 parenti
827 1219 981 1295 efficitur,
1006 1218 1110 1283 veluti
1134 1219 1161 1282 si
1184 1217 1223 1281 ab
1245 1216 1393 1280 hostibus

212 1320 283 1408 quis
303 1335 447 1388 reversus
465 1324 563 1390 fuerit
581 1331 653 1410 post
671 1331 809 1390 mortem
829 1327 929 1411 patris
948 1326 1015 1389 sui:
1036 1326 1087 1388 ius
1103 1325 1189 1388 enim
1200 1321 1393 1407 postliminii

211 1429 272 1494 hoc
294 1429 381 1496 facit.
428 1432 491 1497 Per
514 1434 707 1497 contrarium
732 1433 838 1498 evenit
862 1437 916 1507 ut,
941 1429 1017 1494 licet
1041 1432 1112 1514 quis
1134 1431 1168 1492 in
1190 1426 1320 1492 familia
1345 1425 1409 1490 des

210 1535 313 1602 functi
336 1540 379 1601 sit
401 1540 513 1604 mortis
535 1543 690 1623 tempore,
714 1543 823 1602 tamen
846 1557 923 1601 suus
945 1537 1036 1602 heres
1059 1555 1122 1599 non
1146 1532 1219 1609 fiat,
1240 1532 1352 1598 veluti
1369 1533 1392 1598 si
1443 1533 1446 1596 t

210 1647 282 1726 post
312 1647 448 1708 mortem
479 1663 571 1708 suam
598 1650 688 1728 pater
708 1643 869 1708 iudicatus
892 1641 989 1714 tirerit
1010 1663 1083 1706 reus
1105 1639 1338 1726 perduellionis
1361 1660 1392 1704 ac

209 1768 266 1832 per
296 1749 356 1813 hoe
387 1751 543 1820 memoria
573 1751 641 1814 eius
669 1749 817 1814 damnata
847 1748 960 1812 fuerit:
994 1769 1087 1812 suum
1118 1729 1205 1812 enini
1238 1745 1390 1842 heredem

208 1852 325 1918 habere
349 1875 412 1918 non
435 1859 557 1939 potest,
581 1874 656 1918 eum
679 1852 772 1918 fiscus
796 1857 826 1918 ei
849 1853 1000 1918 succedit.
1036 1854 1090 1917 sed
1113 1858 1217 1938 potest
1236 1849 1303 1916 dici
1322 1853 1388 1934 ipso

209 1959 279 2023 iure
302 1979 369 2024 esse
390 1980 485 2024 suum
507 1959 671 2036 heredem,
698 1959 752 2024 sed
776 1960 927 2025 desinere.
973 1955 1065 2028 Cum
1089 1956 1184 2027 filius
1207 1956 1331 2026 filiave
1357 1963 1407 2024 ets

208 2090 251 2138 ex
286 2067 398 2139 altero
433 2069 508 2142 filio
536 2097 646 2167 nepos
671 2073 829 2168 neptisve
855 2081 993 2155 extant,
1019 2071 1150 2168 pariter
1176 2068 1222 2140 ad
1247 2066 1383 2138 heredi-

202 2187 309 2252 tatem
337 2195 511 2255 vocantur
541 2210 606 2255 nec
637 2187 696 2282 qui
731 2183 845 2282 gradu
881 2184 1074 2282 proximior
1103 2194 1156 2255 est
1178 2181 1382 2253 ulteriorem

200 2277 376 2365 excludit:
402 2322 552 2394 aeqrrum
579 2298 671 2368 enim
699 2324 775 2368 csse
802 2297 941 2368 videtur
962 2307 1108 2395 nepotes
1129 2306 1326 2394 neptesque
1346 2296 1380 2363 iu

201 2409 312 2502 patris
349 2412 403 2480 sui
440 2409 559 2481 locum
597 2409 800 2481 succedere.
851 2411 927 2507 pari
965 2405 1102 2504 ratione
1140 2420 1175 2480 et
1207 2411 1237 2479 si
1272 2433 1381 2504 nepos

194 2522 378 2620 neptisquc
413 2525 460 2593 sit
479 2550 526 2605 ex
550 2523 625 2594 filio
652 2534 753 2594 etex
782 2533 907 2618 nepotc
932 2549 1108 2622 pronepos
1132 2524 1377 2621 proneptisve.

200 2634 304 2703 simul
331 2646 513 2708 vocantur.
565 2647 601 2707 et
624 2639 707 2734 quia
733 2635 867 2732 placuit
893 2647 1040 2731 nepotes
1062 2646 1276 2732 neptesque,
1297 2636 1376 2704 item

194 2760 411 2843 pronepotes
436 2760 695 2846 proneptesque
715 2751 752 2819 in
774 2751 930 2845 parentis
950 2751 1003 2819 sui
1024 2750 1142 2820 locum
1165 2748 1373 2834 succedere,

196 2861 412 2931 conveniens
444 2887 521 2931 esse
551 2863 663 2932 visum
694 2872 748 2932 est
781 2864 915 2933 nonin
943 2863 1074 2959 capita,
1100 2861 1225 2933 sedin
1252 2863 1373 2957 stirpes

95 2983 97 2988 '
199 2970 432 3062 hereditatem
467 2970 592 3066 dividi,
624 2986 662 3045 ut
685 2974 780 3044 filius
805 2986 940 3072 partem
967 2974 1148 3045 dimidiam
1173 2973 1373 3046 hereditatis

196 3082 326 3155 habeat
361 3096 396 3156 et
429 3113 472 3156 ex
506 3087 617 3158 altero
650 3087 726 3158 filio
758 3087 828 3158 duo
858 3088 1020 3185 pluresve
1052 3099 1197 3183 nepotes
1230 3088 1371 3158 alteram

194 3195 390 3270 dimidiam.
442 3200 527 3271 item
562 3201 591 3270 si
621 3226 664 3271 ex
687 3199 826 3271 duobus
850 3201 934 3271 filiis
960 3212 1107 3297 nepotes
1133 3209 1254 3270 extant
1278 3214 1313 3271 et
1334 3227 1373 3270 cx

193 3309 305 3381 altero
339 3339 430 3382 unus
465 3314 555 3383 forte
589 3323 649 3384 aut
681 3312 770 3406 duo,
803 3338 846 3383 ex
872 3313 982 3383 altero
1008 3325 1079 3384 tres
1106 3324 1166 3383 aut
1191 3323 1372 3410 quintium,
1441 3369 1442 3374 η

193 3421 239 3491 ad
264 3450 373 3493 unum
405 3436 466 3496 aut
487 3425 576 3496 duos
601 3425 748 3495 dimidia
773 3452 855 3523 pars
881 3427 1052 3522 pertinet,
1077 3425 1122 3496 ad
1148 3438 1221 3496 tres
1248 3426 1307 3496 vel
1332 3425 1371 3496 ad

194 3546 360 3632 qrrattuor
385 3538 495 3609 altera
521 3538 676 3610 dimidia.
730 3539 814 3608 Oum
832 3546 939 3606 autem
960 3543 1138 3625 quaeritur,
1160 3543 1288 3626 anquis
1300 3563 1387 3606 suusr

193 3651 284 3718 heres
308 3655 442 3720 existere
465 3659 588 3739 potest:
614 3675 649 3720 eo
673 3659 815 3740 tempore
838 3655 1051 3739 quaerendum
1076 3659 1141 3732 est,
1166 3676 1228 3740 quo
1253 3661 1370 3722 certum

194 3761 243 3822 est
264 3757 402 3845 aliquem
421 3762 488 3825 sine
505 3765 694 3828 testamento
713 3761 897 3826 decessisse:
919 3760 1003 3845 quod
1026 3759 1142 3825 accidit
1164 3766 1197 3824 et
1221 3762 1370 3826 destituto

193 3869 395 3930 testamento.
430 3865 489 3931 hac
513 3869 634 3932 ratione
657 3869 685 3932 si
704 3865 790 3932 filius
809 3865 1017 3932 exheredatus
1036 3867 1133 3932 fuerit
1152 3872 1185 3933 et
1205 3873 1371 3934 extranens

191 3969 283 4034 heres
306 3972 474 4037 institutus
498 3977 564 4045 est,
589 3971 655 4037 filio
679 3976 804 4062 mortuo
826 3977 936 4057 postea
959 3976 1082 4036 eertum
1101 3972 1200 4038 fuerit
1223 3973 1370 4040 heredem

193 4076 380 4146 institutum
404 4098 444 4148 es
466 4083 653 4147 testamenta
675 4100 738 4147 noa
760 4077 829 4147 tisri
850 4079 1020 4157 heredem,
1033 4080 1371 4166 autquianoluitesse
1439 4109 1440 4156 q
