3024 4574
170 27 193 94 8
612 16 934 106 rusr.l.11.§2-7.

168 220 278 307 generi
308 236 476 282 commune
499 220 557 283 ιιι.
602 235 677 280 nam
700 234 763 278 usu
786 213 988 299 exigenttee
975 206 1160 274 thumanis
1182 202 1349 270 necessita·
1426 207 1431 219 '

168 325 255 392 tibus
278 326 389 410 gentes
412 302 573 386 humanae
593 317 749 406 quaedam
773 318 834 383 sibi
854 317 1104 382 constituerunt:
1126 310 1210 378 bella
1229 309 1349 374 etenim

171 433 240 496 orta
270 432 345 492 sunt
374 431 406 491 et
436 428 638 513 captivitates
670 433 795 492 secutae
819 428 850 489 et
873 423 1061 502 servitutes,
1085 439 1165 504 quae
1188 419 1261 482 sunt
1284 413 1350 478 iuri

30 539 34 546 '
167 531 309 608 naturali
340 534 522 598 contrariae.
569 533 639 597 iure
663 531 750 602 enim
772 527 912 594 naturali
936 527 974 592 ab
998 526 1091 590 initio
1116 543 1225 588 omnes
1246 521 1349 586 homi

167 660 224 704 nes
253 637 349 702 liberi
378 638 598 703 nascebantur.
646 659 685 704 ex
715 637 775 702 hoc
798 636 867 700 iure
891 633 1040 722 gentium
1063 635 1095 695 et
1119 649 1229 696 omnes
1250 647 1349 714 paene

13 805 21 842 s
169 747 348 810 contractus
381 743 555 809 introducti
587 748 678 822 sunt,
714 749 752 808 ut
787 742 908 827 emptio
938 737 1100 815 venditio,
1131 735 1247 800 locatio
1279 753 1352 798 con-

13 859 21 931 ’ζ
151 849 293 927 ductio,
329 849 478 927 societas,
515 849 712 936 depositum,
748 854 903 914 mutuum
935 850 969 911 et
1000 843 1060 910 alii
1091 837 1348 906 innumerabiles.

213 951 345 1022 Constat
362 959 471 1034 autern
490 957 541 1020 ιιι
559 960 706 1023 nostrum
728 959 843 1020 auter
862 953 979 1038 scripto
1001 954 1057 1016 aut
1078 969 1117 1014 ex
1134 967 1197 1012 non
1214 947 1348 1030 scripto,
1397 963 1412 1007 ι

172 1064 210 1131 ut
240 1060 325 1146 apud
354 1055 508 1126 Graecos:
540 1069 598 1128 τῶν
628 1061 724 1146 educa
754 1063 779 1126 oi
811 1060 867 1148 μὲι
892 1056 1066 1146 ἔγγραφοι,
1093 1056 1119 1120 ol
1143 1053 1174 1118 δὲ
1199 1050 1350 1136 ἄγραφοι.

171 1165 336 1253 Scriptum
364 1168 415 1230 ius
439 1178 486 1232 est
508 1167 578 1245 lex,
602 1167 688 1254 plebi
710 1169 805 1244 scita,
831 1169 959 1252 senatus
983 1160 1143 1250 consulta,
1168 1158 1351 1246 principum

171 1271 307 1359 placita,
337 1273 589 1358 magistratuum
616 1273 735 1350 edicta,
761 1291 908 1358 responsa
930 1269 1147 1356 prudentium.
1193 1264 1261 1330 Lex
1284 1267 1349 1349 est,
1398 1282 1413 1326 ι

172 1377 256 1463 quod
278 1376 414 1463 populus
435 1377 599 1444 Romanus
625 1383 767 1444 senatore
786 1379 978 1466 magistratu
995 1375 1228 1461 interrogante,
1249 1368 1353 1434 veluti

172 1482 317 1558 consule,
352 1485 574 1549 constituebat.
620 1483 709 1570 plebi
742 1485 861 1549 scitum
892 1487 958 1560 ιιι,
993 1480 1077 1566 quod
1106 1477 1197 1564 plebs
1227 1475 1351 1562 plebeio

172 1590 367 1676 magistratu
407 1591 639 1677 interrogante,
676 1589 780 1656 veluti
812 1588 954 1665 tribuno,
993 1585 1215 1652 constituebat.
1261 1579 1351 1667 plebs

175 1699 325 1760 autema
349 1694 465 1780 populo
489 1716 525 1760 eo
548 1695 668 1770 differt,
692 1715 753 1780 quo
776 1696 895 1781 species
919 1710 1092 1781 agenore:
1116 1711 1191 1756 nam
1215 1685 1352 1774 appella·

172 1801 258 1864 tione
291 1799 403 1886 populi
436 1803 578 1867 universi
613 1803 698 1867 cives
732 1799 954 1888 significantur
984 1793 1218 1864 connumeratis
1253 1796 1351 1860 etiam

175 1907 318 1990 patriciis
342 1910 374 1969 et
397 1912 485 1972 senat
471 1908 607 1972 toribus:
632 1906 735 1992 plebis
758 1913 867 1972 autem
890 1904 1102 1992 appellatione
1125 1905 1192 1968 sine
1211 1899 1353 1987 patriciis

174 2017 207 2074 et
248 2011 445 2076 senatoribus
481 2019 530 2078 cet
532 2015 578 2078 eri
616 2015 701 2079 cives
732 2012 962 2100 significantur.
913 2010 1119 2076 ursedt
1087 2015 1119 2074 et
1152 2005 1241 2093 plebi
1274 2006 1354 2069 scita

174 2115 246 2203 lege
279 2114 452 2181 Hortensia
486 2117 553 2184 lata
585 2139 648 2183 non
681 2119 789 2182 minus
811 2116 917 2183 valere
940 2137 1038 2202 quam
1060 2115 1148 2203 leges
1171 2114 1350 2197 coeperunt.

172 2218 326 2292 Senatus
365 2221 564 2292 consultum
603 2233 675 2314 est,
711 2220 808 2320 quod
847 2231 989 2292 senatus
1014 2217 1112 2290 iubet
1136 2231 1241 2316 utque
1264 2241 1350 2287 con·
1398 2237 1413 2279 ⁵

173 2333 299 2405 stituit.
350 2356 427 2400 nam
457 2357 532 2401 cum
565 2341 677 2402 auctus
708 2341 755 2401 est
785 2335 922 2422 populus
945 2334 1108 2400 Romanus
1131 2336 1166 2397 in
1189 2351 1263 2396 eum
1285 2347 1352 2394 mo
1497 2313 1498 2332 ³

176 2446 272 2523 dum,
305 2450 343 2510 ut
373 2446 500 2513 difficile
529 2449 572 2514 sit
595 2450 630 2512 in
652 2469 755 2513 unum
780 2469 854 2513 eum
877 2447 1042 2513 convocari
1065 2444 1148 2532 legis
1170 2440 1355 2508 sanciendae

175 2570 284 2628 causa,
314 2571 452 2636 aequum
482 2556 590 2619 ιιιιιιι
621 2559 668 2620 ιιι
698 2559 845 2620 ιιιιιιιι
876 2556 947 2618 vice
977 2550 1087 2637 populi
1109 2549 1242 2615 consuli.
1290 2545 1353 2612 Sed
1400 2564 1416 2608 ι

177 2660 209 2720 ιι
231 2656 317 2741 quod
338 2657 475 2742 principi
497 2659 638 2744 placuit,
663 2659 746 2748 legis
770 2660 866 2725 babet
887 2662 1053 2746 vigorem,
1072 2667 1147 2722 cum
1166 2655 1353 2742 legeregia,

177 2781 258 2846 quae
282 2761 320 2826 ds
343 2764 478 2848 imperio
502 2767 570 2830 eius
589 2764 656 2830 lata
675 2770 742 2842 est,
763 2765 899 2850 populus
919 2766 949 2828 ei
971 2769 1002 2828 et
1020 2765 1055 2826 in
1067 2783 1143 2828 eum
1155 2781 1248 2826 omne
1260 2778 1356 2824 suum

87 2880 90 2885 ·
177 2869 351 2952 imperium
382 2874 415 2932 et
443 2874 633 2954 potestatem
666 2872 829 2936 concessit.
876 2871 1096 2955 quodcumque
1125 2868 1228 2954 igitur
1255 2867 1356 2949 impe-

176 2977 262 3036 rator
284 2993 341 3060 per
364 2973 537 3057 epistulam
559 2978 726 3041 constituit
749 2975 803 3043 vel
826 2995 1015 3063 cognoscens
1035 2969 1364 3039 decrevitvelsdicto

177 3080 353 3168 praecepit,
385 3077 493 3166 legem
520 3101 587 3146 esse
614 3089 753 3148 constat:
786 3081 864 3148 haec
895 3086 983 3156 sunt,
1013 3099 1093 3166 quae
1116 3077 1356 3144 constitutiones

178 3182 388 3268 appellantur
436 3183 530 3269 plane
558 3207 598 3252 ex
627 3187 678 3252 his
700 3188 856 3280 quaedam
880 3191 954 3252 sunt
977 3184 1172 3271 personales,
1197 3201 1277 3268 quae
1299 3199 1357 3245 nec

179 3288 219 3354 ad
243 3287 428 3374 exemplum
451 3291 623 3357 trabuntur
630 3295 813 3378 ,quoniam
833 3313 896 3358 non
918 3292 979 3357 hoc
1001 3293 1146 3378 princeps
1164 3288 1254 3354 vult:
1223 3293 1356 3353 tuam

181 3394 266 3480 quod
287 3393 384 3461 alicui
406 3396 445 3461 ob
468 3399 586 3462 merita
552 3385 757 3476 tindulsit,
778 3398 873 3465 vel
849 3420 877 3464 ιι
896 3400 950 3464 cui
968 3418 1103 3484 poenam
1121 3395 1290 3483 irrogavit,
1264 3369 1357 3458 trel

180 3501 209 3566 ιι
239 3502 292 3565 cui
322 3502 390 3566 sine
419 3501 565 3587 exemplo
592 3504 740 3570 subvenit
727 3510 946 3590 t,personam
970 3524 1032 3569 non
1056 3502 1229 3592 egreditur.
1275 3477 1357 3564 aliae

180 3605 305 3690 ιιιιιιι,
329 3628 404 3672 cum
426 3607 589 3697 generales
611 3615 703 3689 sunt,
728 3631 836 3694 omnes
859 3609 969 3697 procul
991 3609 1089 3674 dubio
1108 3613 1226 3672 ιιιιιιιι.
1203 3605 1356 3672 ιΡιιι-
1403 3625 1417 3668 τ

180 3711 289 3782 torum
311 3733 435 3799 quoque
458 3714 562 3780 edicta
584 3735 648 3781 non
669 3716 831 3782 modicam
852 3718 933 3781 iuris
957 3717 1101 3801 optinent
1122 3714 1356 3806 auctoritatem.

179 3817 258 3884 baec
287 3820 386 3884 ¹etiam
414 3822 466 3884 ius
487 3819 692 3887 honorarium
714 3820 853 3888 solemus
876 3820 1034 3907 appellare
1043 3801 1055 3898 ,’
1077 3820 1161 3906 quod
1183 3821 1240 3904 qui
1261 3817 1358 3890 hono·

179 3941 249 3986 rem
273 3928 404 4010 gerunt,
428 3924 464 3991 id
484 3930 532 3991 est
552 3928 776 4015 magistratus,
795 3929 1018 3993 auctoritatem
1029 3925 1180 4005 huioiuri
1192 3923 1356 4016 dederunt.

180 4028 397 4111 proponebant
424 4034 456 4095 et
487 4030 605 4097 aediles
628 4031 753 4099 curules
777 4033 920 4120 edictum
942 4023 1195 4120 de'quibusdam
1214 4029 1363 4112 casibus,-

182 4132 268 4219 qued
296 4135 440 4202 edictum
461 4139 543 4204 iuris
565 4119 850 4228 honorarii'port'io
874 4143 932 4205 est.
