3024 4574
222 63 265 130 10
491 75 577 128 ausu.
591 58 614 125 1.
633 55 838 142 ·11.§8-12.
861 75 906 122 111.
930 74 979 140 pr.
992 55 1010 138 t
1023 53 1122 119 1-4.

259 249 448 345 Responsa
460 244 684 344 prudentium
698 253 781 313 sunt
798 240 993 313 sententiae
1006 250 1043 310 ot
1054 242 1240 337 opiniones
1253 269 1394 336 eorum,
1435 263 1448 306 a
1479 239 1495 305 tl

225 359 354 461 quibus
372 363 581 457 permissum
604 368 680 430 erat
696 358 771 431 iura
786 354 954 430 condere.
978 375 1055 420 nam
1074 359 1251 444 antiquitus
1269 359 1411 450 instituj
1480 371 1492 412 2

218 481 292 542 ium
308 479 389 553 erat,
402 475 441 539 ut
453 479 556 540 essent
567 475 623 559 qui
634 476 706 538 iura
715 470 843 558 publiee
854 457 1147 554 interpretarentur,
1161 470 1277 557 quibus
1289 491 1308 535 a
1320 465 1394 534 Cae·
1482 481 1495 520 'l

82 596 88 664 ζ
220 603 290 648 sare
305 583 356 646 ius
375 579 583 666 respondendi
603 579 715 644 datum
735 582 799 655 est,
822 579 878 662 qui
897 577 977 640 iuris
995 574 1132 640 consulti
1143 576 1395 662 appellabantur.

180 737 183 740 .
220 708 356 774 quorum
368 689 513 751 omnium
526 686 699 751 sententiae
710 689 743 749 et
752 685 915 769 opiniones
924 703 996 747 eam
1005 682 1396 756 auctoritatemtenebant,
1482 696 1495 736 u

218 798 258 858 ut
280 792 387 858 iudioi·
401 791 545 858 recedere
568 811 588 857 a
609 777 757 878 response
781 807 891 854 eorum
914 809 977 852 non
1000 787 1128 866 haeret,
1153 793 1191 853 ut
1214 792 1262 854 est
1284 787 1398 853 eonsti-
1481 804 1495 843 n

219 904 340 964 tutum.
386 895 436 963 lllx
471 918 534 963 non
568 898 686 982 scripto
719 896 771 960 ius
805 896 912 973 venit,
948 893 1032 980 quod
1062 913 1140 959 usus
1168 893 1396 980 comprobavit.
1439 911 1453 955 o

79 1035 91 1093 f,
173 1053 178 1058 -
220 1026 296 1073 nam
321 1006 464 1070 diuturni
487 1023 591 1069 mores
614 1021 767 1068 eonsensu
789 1003 951 1066 utentium
977 1000 1174 1086 comprobati
1195 999 1303 1088 legem
1325 998 1399 1062 imi-
1482 1018 1495 1077 o

158 1159 177 1164 ι-
217 1115 338 1177 tantur.
384 1109 427 1174 nt
449 1130 512 1175 non
534 1108 731 1196 ineleganter
752 1097 788 1172 in
812 1106 890 1172 duas
912 1109 1032 1193 speeies
1055 1109 1106 1171 ius
1129 1105 1223 1171 civile
1247 1103 1397 1170 distribu·
1419 1121 1444 1166 o
1491 1101 1495 1163 l

219 1221 292 1282 tum
314 1216 451 1282 videtur.
498 1237 574 1282 nam
598 1215 688 1302 origo
711 1201 781 1278 eius
803 1214 843 1278 ab
867 1215 1026 1278 institutis
1046 1212 1184 1277 duarum
1201 1211 1397 1286 eivitatium,
1487 1267 1488 1270 ,

221 1322 421 1389 Athenarum
454 1321 578 1388 sufficet
613 1327 646 1386 et
676 1318 939 1398 Lacedaemonis,
971 1319 1101 1384 fluxisse
1123 1305 1268 1384 videtur:
1291 1317 1327 1380 in
1348 1315 1401 1380 his
1489 1316 1495 1379 ἲ

185 1473 187 1480 -
222 1429 308 1494 enim
332 1428 517 1493 civitatibus
538 1428 586 1492 ita
609 1426 665 1514 agi
688 1425 822 1490 solitum
848 1425 938 1502 erat,·¹
957 1429 996 1490 ut
1013 1423 1257 1490 Lacedaemonii
1272 1421 1403 1508 quidem
1487 1447 1495 1486 ι

220 1534 327 1621 magis
350 1553 401 1610 ea,
428 1551 508 1617 quae
530 1552 587 1618 pro
610 1531 738 1620 legibus
761 1531 982 1608 observarent.
1006 1532 1179 1616 memoriae
1196 1529 1401 1612 mandarent,
1484 1549 1495 1563 ·

221 1639 430 1706 Athenienses
461 1658 536 1704 vero
564 1652 620 1717 ea‘,
651 1657 732 1723 quae
758 1638 794 1702 in
820 1635 949 1726 legibus
971 1637 1089 1722 scripta
1112 1633 1400 1720 reprehendissent,
1494 1651 1495 1716 j

226 1744 433 1810 custodirent.
1493 1807 1495 1838 1

269 1847 332 1914 Sed
361 1846 522 1913 naturalia
552 1848 683 1935 quidem'
705 1850 794 1932 iura,
817 1867 897 1934 quae
921 1847 1005 1935 apud
1029 1867 1138 1914 omues
1161 1851 1272 1936 gentes
1294 1859 1400 1932 perae
1421 1864 1445 1909 ιι
1494 1923 1495 1928 ¹

224 1974 286 2040 que
322 1958 500 2031 servantur,
537 1953 648 2020 divina
677 1954 815 2040 quadam
845 1955 1045 2040 providentia
1077 1955 1250 2020 constituta
1279 1971 1403 2036 semper
1489 1939 1495 2018 ι

224 2057 317 2124 firma
351 2063 446 2144 atque
479 2059 700 2125 immutabilia
732 2064 937 2145 permanentz
970 2081 1008 2128 ea
1029 2081 1122 2145 vero,
1147 2079 1226 2146 quae
1249 2060 1319 2143 ipsa
1342 2055 1404 2120 sibi
1492 2079 1495 2108 ι

171 2184 174 2188 ·
224 2179 368 2252 quaeque
398 2167 512 2231 civitas
543 2164 727 2247 constituit,
756 2185 849 2252 saepe
871 2168 993 2232 mutari
1016 2167 1120 2258 solent
1140 2163 1194 2231 vel
1216 2162 1314 2228 tacito
1336 2181 1408 2227 eon·
1492 2167 1495 2199 l

222 2267 319 2338 sensu
341 2271 453 2357 populi
474 2271 529 2338 vel
552 2271 617 2338 alia
637 2278 747 2359 postea
769 2273 841 2360 lege
865 2272 942 2341 lata.
1492 2265 1495 2354 f

272 2375 390 2448 omne
416 2385 532 2446 autem
556 2378 635 2466 ius,
662 2403 733 2476 quo
755 2379 899 2470 utimur,
923 2375 981 2448 vel
994 2375 1040 2448 ad
1067 2400 1237 2473 personas
1252 2372 1404 2468 pertinet
1424 2391 1453 2437 aa
1492 2369 1495 2380 “

223 2488 283 2560 vel
303 2487 349 2560 ad
373 2513 430 2558 ros
454 2488 512 2559 vel
535 2487 583 2560 ad
603 2491 773 2562 actiones.
813 2515 855 2561 ao
869 2491 967 2586 prius
981 2488 1025 2560 de
1037 2489 1201 2585 personis
1213 2484 1405 2557 videamus.
1494 2527 1495 2560 l

224 2623 301 2668 nam
324 2623 439 2689 parum
462 2607 510 2668 est
532 2605 584 2669 ius
602 2625 712 2682 nosse,
737 2607 765 2670 si
787 2625 953 2691 personae,
979 2623 1116 2689 quarum
1135 2621 1229 2668 eausa
1246 2587 1407 2666 statutum
1494 2599 1495 2648 ἓ

224 2715 293 2788 est,
317 2711 516 2796 ignorentur.
1494 2708 1495 2738 ³

792 2919 840 2984 111

593 3069 644 3128 oa
665 3053 756 3130 nunu
777 3069 1032 3130 reasonauon

187 3213 188 3218 ’
273 3205 421 3278 Summa
453 3207 573 3306 itaque
607 3205 733 3282 divisio
767 3207 812 3279 de
846 3209 921 3280 iure
955 3235 1185 3305 personarum
1220 3205 1308 3278 haee
1333 3214 1404 3298 est,

223 3319 319 3420 quod
346 3345 471 3418 omnes
494 3319 656 3392 homines
682 3332 743 3392 aut
766 3315 871 3394 liberi
895 3332 977 3394 sunt
1002 3332 1064 3396 aut
1086 3321 1192 3392 servi.
1241 3319 1284 3385 Et
1309 3313 1403 3384 liber·
1448 3339 1460 3382 ι
1494 3353 1495 3422 l

226 3441 276 3501 tas
306 3435 435 3520 quidem
460 3440 524 3519 est,
548 3456 587 3501 ex
610 3455 673 3521 qua
695 3438 794 3503 etiam
816 3435 911 3503 liberi
931 3442 1103 3514 vocantur,
1127 3433 1283 3506 naturalis
1305 3430 1404 3497 fooul

225 3545 276 3606 iae
298 3543 367 3606 eius
390 3541 474 3627 quod
497 3542 611 3627 cuique
635 3541 736 3606 faeere
759 3542 857 3618 libet,
880 3545 943 3608 nisi
967 3544 994 3608 si
1018 3543 1096 3629 quid
1120 3545 1176 3607 aut
1197 3541 1232 3606 vi
1255 3542 1312 3604 aut
1334 3539 1403 3601 iure
1494 3549 1495 3626 l

224 3646 422 3734 prohibetur.
458 3644 603 3712 Servitus
634 3651 743 3712 autem
766 3652 814 3713 est
839 3649 1024 3714 constitutio
1046 3646 1127 3713 iuris
1150 3647 1315 3734 gentium,
1339 3662 1401 3729 qua
1447 3661 1461 3706 ι

227 3754 298 3839 quis
320 3751 461 3818 dominio
484 3751 587 3818 alieno
611 3759 718 3819 eontra
741 3760 891 3820 naturam
915 3754 1080 3820 subieitur.
1117 3751 1209 3819 Servi
1233 3755 1341 3816 autem
1361 3768 1401 3815 ex
1447 3767 1461 3814 a

119 3936 122 3940 ¹
225 3879 261 3924 eo
285 3856 437 3944 appellati
460 3864 551 3937 sunt,
575 3857 660 3944 quod
681 3861 888 3946 imperatores
911 3862 1054 3946 captivos
1077 3859 1212 3928 vendere
1231 3857 1343 3922 iubent
1365 3875 1402 3921 ae

224 3986 282 4052 per
302 3964 362 4031 hoo
386 3985 510 4033 servare
532 3987 591 4032 neo
616 3966 756 4032 oeeidere
779 3965 891 4032 solent.
938 3967 995 4051 qui
1019 3967 1118 4031 etiam
1138 3964 1300 4048 mancipia
1320 3961 1402 4028 dieti

225 4076 318 4158 sunt,
342 4071 426 4157 quod
441 4071 487 4142 ,ab
509 4072 656 4139 hostibus
677 4093 775 4140 manu
800 4073 978 4159 oapiuntur.
1013 4070 1106 4142 servi
1127 4075 1237 4138 autem
1256 4073 1312 4134 aut
1327 4087 1399 4154 nas-
1443 4089 1458 4134 ι
1494 4075 1495 4156 i
