2964 4596
213 55 257 121 34
611 74 699 123 ruer.
722 55 764 120 II.
788 77 810 123 1.
835 53 1028 141 §tto—34.
1075 133 1078 142 Ι

85 234 88 242 ’
144 307 146 316 ,
182 311 184 316 ,
210 246 306 332 culpa
328 247 442 322 obici,
456 245 539 330 quod
562 250 681 310 temere
706 242 920 310 aedificaverit
939 248 974 308 in
998 265 1034 311 eo
1059 244 1144 323 solo,
1172 245 1257 330 quod
1276 243 1394 310 intelle-

211 358 303 440 geret
337 352 478 417 alienum
510 372 587 416 csse.
636 349 672 415 Si
703 349 809 416 Titius
839 349 977 416 alienam
1010 351 1153 436 plantem
1183 353 1218 415 in
1249 371 1307 415 suo
1330 349 1422 418 solou

159 490 162 498 ·
211 460 370 543 posuerit,
403 459 504 542 ipsius
535 459 612 524 erit:
637 461 669 522 11
692 475 732 522 ex
755 457 878 523 diverso
901 459 929 522 si
953 455 1059 522 Titius
1082 477 1174 522 suam
1196 456 1342 542 plantam
1364 458 1396 520 in

211 563 335 630 Maevii
360 562 426 628 solo
449 564 606 648 posuerit,
632 561 757 630 Maeuii
778 561 889 647 planta
912 564 991 640 erit,
1013 562 1154 628 simodo
1172 567 1306 647 utroque
1325 580 1397 626 caen

211 669 333 734 radices
356 671 469 756 egerit.
516 673 687 753 antequam
711 673 821 734 autem
843 669 964 735 radices
988 670 1108 755 egerit,
1129 670 1197 732 eius
1216 672 1395 753 permanet,

212 776 304 840 cuius
327 780 359 839 et
381 774 493 839 fuerat.
517 774 594 839 adeo
617 779 726 839 autem
752 795 790 839 ex
813 794 865 844 eo,
892 795 931 838 cx
954 793 1017 859 quo
1040 774 1161 839 radices
1184 775 1253 860 agit
1271 771 1395 857 planta,

211 881 387 964 proprietas
422 881 490 943 eius
525 885 758 957 commutatur,
797 884 851 963 ut,
888 881 916 944 11
944 882 1045 946 vicini
1075 879 1219 944 arborem
1248 880 1296 942 ita
1316 883 1397 942 terra

212 983 294 1050 Titii
323 985 488 1069 presserit,
520 989 558 1048 ut
589 987 624 1049 in
654 986 722 1050 eius
753 985 890 1050 fundum
919 984 1040 1050 radices
1064 988 1189 1071 ageret,
1214 982 1295 1048 Titii
1317 982 1398 1048 effici

212 1091 359 1156 arborem
390 1089 545 1154 dicimus:
569 1092 726 1156 rationem
751 1093 871 1156 etenim
892 1111 956 1159 non
979 1093 1181 1176 permittere,
1204 1093 1243 1153 ut
1266 1088 1396 1152 alterius

213 1197 307 1262 arbor
336 1215 402 1261 esse
425 1194 653 1283 intellegatur,
678 1217 776 1281 quam
799 1198 890 1262 cuius
912 1199 947 1260 in
969 1196 1106 1261 fundum
1127 1195 1248 1259 radices
1270 1197 1398 1280 egisset.

212 1305 246 1367 et
276 1303 347 1367 ideo
376 1321 473 1388 prope
508 1300 680 1366 confinium
709 1303 802 1367 arbor
834 1304 937 1387 posita
965 1303 993 1366 si
1023 1303 1121 1365 etiam
1144 1301 1179 1363 in
1206 1301 1307 1365 vicini
1329 1298 1398 1362 fun·

213 1406 292 1471 dum
315 1407 436 1472 radices
460 1410 579 1496 egerit,
605 1409 783 1474 communis
804 1405 852 1474 fit.
888 1405 957 1488 Qua
977 1408 1098 1472 ratione
1118 1409 1226 1472 autem
1245 1404 1430 1490 plantae,u

212 1532 294 1596 quae
318 1518 412 1600 terra
446 1515 641 1592 coalescunt,
678 1513 744 1579 solo
775 1514 911 1598 cedunt,
942 1514 1054 1580 eadem
1083 1515 1205 1580 ratione
1239 1513 1401 1578 frumenta

211 1638 354 1703 quoque,
388 1639 468 1702 quac
499 1626 567 1684 sata
597 1624 691 1696 sunt,
725 1619 791 1684 solo
823 1620 931 1685 cedere
965 1621 1206 1708 intelleguntur.
1256 1625 1400 1684 ceterum

213 1724 297 1787 sicut
315 1725 370 1805 is,
396 1727 452 1808 qui
474 1726 508 1788 in
532 1724 634 1790 alieno
657 1724 724 1791 solo
748 1723 977 1799 aedificaverit,
1001 1729 1029 1792 11
1052 1727 1091 1791 ab
1115 1745 1152 1790 eo
1176 1725 1325 1789 dominus
1348 1745 1402 1810 pe·

214 1832 264 1892 tat
287 1825 485 1906 aedificium,
511 1830 636 1895 defendi
658 1836 763 1915 potest
786 1852 842 1916 per
865 1833 1081 1916 exceptionem
1107 1829 1174 1896 doli
1192 1829 1272 1894 mali
1291 1851 1402 1894 secun-

213 1931 293 1996 dum
324 1953 361 1996 ea
388 1953 467 2017 quae
498 1933 657 2000 diximus:
688 1938 736 2000 ita
766 1935 910 2002 eiusdem
941 1939 1133 2021 exceptionis
1163 1933 1283 2000 auxilio
1308 1939 1401 1999 tutus

214 2057 282 2102 esse
317 2043 421 2122 potest
455 2041 502 2114 is,
538 2044 594 2126 qui
625 2041 766 2107 alienum
797 2043 934 2107 ftmdum
962 2064 1020 2108 sua
1048 2046 1195 2128 impensa
1224 2041 1306 2106 bona
1339 2039 1401 2104 lide

211 2146 364 2210 conserit.
410 2143 552 2210 Litterae
584 2167 724 2232 quoque,
755 2147 847 2212 licet-
865 2170 977 2214 aureae
1008 2151 1089 2234 sint,
1116 2147 1246 2233 perinde
1278 2147 1431 2211 chartisas

89 2263 92 2270 ’
213 2250 472 2334 membranisque
502 2252 635 2330 cedunt,
668 2255 733 2318 acsi
763 2253 829 2319 solo
861 2255 968 2320 cedere
991 2255 1093 2320 solent
1116 2273 1153 2319 ea
1176 2272 1256 2336 quae
1279 2251 1402 2316 inaedi-

212 2353 348 2420 ficantur
371 2360 427 2420 aut
449 2359 650 2423 inseruntur:
674 2359 807 2444 ideoque
829 2362 857 2424 si
880 2361 914 2424 in
938 2361 1055 2425 chartis
1075 2359 1310 2424 membranisve
1334 2359 1400 2422 tuis

210 2481 341 2528 carmen
360 2461 413 2529 vel
436 2462 604 2530 historiam
626 2465 680 2533 vel
699 2467 873 2530 orationem
893 2465 998 2532 Titius
1017 2467 1198 2550 scripserit,
1216 2463 1314 2528 huius
1334 2483 1401 2528 cor-

210 2570 298 2652 poris
320 2587 383 2632 non
406 2566 526 2647 1111111,
551 2571 606 2636 sed
628 2576 666 2634 tu
688 2571 837 2636 dominus
855 2591 923 2636 1111
941 2572 1101 2637 iudiceris.
1137 2568 1201 2636 Sed
1221 2571 1249 2633 si
1271 2589 1289 2634 a
1310 2567 1400 2634 Titio

210 2677 302 2757 petas
331 2678 404 2738 tuos
435 2675 533 2740 libros
564 2682 677 2742 tuasve
706 2678 907 2742 membranas
938 2698 1004 2743 esse
1033 2699 1090 2742 nec
1120 2679 1287 2761 inpensam
1322 2677 1399 2740 scri-

208 2782 323 2862 pturae
358 2779 479 2846 solvere
507 2786 638 2866 paratus
660 2784 720 2860 sis,
745 2785 863 2868 poterit
885 2804 918 2848 se
946 2781 1052 2848 Titius
1078 2781 1243 2848 defendere
1265 2801 1323 2865 per
1345 2803 1399 2846 ex-

211 2885 390 2968 ceptionem
415 2884 481 2950 doli
496 2886 594 2974 mali,
617 2890 729 2973 utique
749 2891 777 2954 si
795 2890 877 2970 bona
896 2887 958 2954 fide
977 2910 1087 2954 earum
1100 2888 1283 2952 chartarum
1294 2907 1399 2952 mem-

208 2987 421 3065 branarumve
443 2995 671 3074 possessionem
693 2998 827 3058 nanctus
851 2997 907 3060 est.
943 2993 979 3060 Si
1003 2997 1074 3080 quis
1097 2996 1132 3058 in
1156 2991 1259 3057 aliens
1280 2991 1427 3058 tabulate

207 3095 365 3178 pinxerit,
395 3094 524 3178 quidam
548 3103 663 3182 putant
685 3091 830 3165 tabulam'
852 3103 995 3185 picturae
1019 3100 1145 3165 cedere:
1170 3096 1243 3162 aliis
1266 3097 1395 3162 videtur

211 3201 392 3284 picturam,
417 3201 658 3291 qualiscumque
681 3207 724 3270 111
731 3253 740 3284 ,
766 3205 894 3271 tabulae
919 3206 1034 3271 cedere.
1078 3203 1133 3270 sed
1155 3202 1246 3268 nobie
1269 3201 1398 3268 videtur

209 3295 328 3369 melius
351 3326 418 3371 esse
441 3307 587 3375 tabulam
610 3313 753 3396 picturae
773 3312 900 3378 cedere:
921 3311 1095 3376 ridiculum
1115 3313 1163 3381 est
1184 3310 1272 3374 enim
1291 3309 1394 3392 pictu-

205 3429 277 3474 ram
310 3410 434 3496 Apellis
469 3413 521 3481 111
555 3416 718 3482 Parrhasii
751 3419 785 3482 in
816 3421 1026 3483 accessionem
1057 3414 1235 3483 vilissimae
1265 3411 1393 3477 tabulae

137 3613 139 3616 Ι
206 3514 324 3580 cedere.
370 3514 465 3586 unde
500 3501 530 3588 si
568 3546 588 3590 a
623 3519 768 3591 domino
798 3521 940 3593 tabulae
968 3522 1159 3620 imaginem
1187 3515 1391 3615 possidente

204 3624 236 3696 is
269 3626 330 3724 qui
363 3629 475 3725 pinxit
501 3656 578 3702 eam
603 3643 699 3731 petat
724 3660 790 3706 nec
817 3635 932 3706 solvat
956 3637 1107 3733 pretium
1132 3630 1295 3725 tabulae,
1321 3655 1392 3725 po-

204 3739 289 3808 terit
318 3765 381 3837 per
415 3747 657 3840 exceptionem
689 3745 763 3817 doli
789 3747 874 3818 mali
900 3747 1130 3820 summoveri:
1160 3755 1197 3815 at
1210 3745 1253 3840 si
1277 3744 1310 3813 is
1335 3740 1391 3839 qui

159 3886 162 3891 ’
201 3851 317 3946 pinxit
347 3855 544 3952 possideat,
576 3884 799 3958 consequens
832 3871 905 3956 est,
939 3871 977 3932 ut
1005 3859 1102 3931 utilis
1128 3858 1222 3929 actio
1248 3853 1390 3925 domino

202 3961 344 4049 tabulae
384 3967 554 4046 adversus
590 3999 670 4044 eum
706 3971 809 4044 detur
818 4031 829 4064 ,
867 3999 938 4073 quo
974 4001 1074 4068 casu,
1111 3973 1142 4044 si
1179 3995 1253 4040 non
1279 3967 1391 4038 solvat

203 4073 401 4174 impensam
434 4084 612 4178 picturae,
648 4087 778 4182 poterit
812 4113 880 4184 per
909 4089 1152 4184 exceptionem
1188 4080 1263 4153 doli
1306 4078 1388 4150 mali
