2880 4614
194 49 276 154 ‘268
529 67 612 116 mss.
642 49 699 114 111.
722 67 778 114 xx.
802 49 838 134 ἓξ
851 46 950 114 6-8.
973 65 1040 112 m.
1166 147 1169 152 y

249 237 290 311 Si
319 237 405 336 quid
439 250 555 311 autem
585 238 772 311 fideiussor
804 263 869 334 pro
894 262 956 307 reo
983 237 1149 331 solverit,
1173 240 1251 309 eins
1285 236 1387 311 reci-s

199 349 347 450 parandi
381 377 487 424 causa
517 349 626 424 habet
659 379 738 423 cum
773 377 816 422 eo
851 348 1007 420 mandati
1035 349 1216 422 iudicium.
1265 349 1385 418 Gnaeus

204 465 369 531 fideiussor
391 467 580 552 plerumque
602 467 649 531 ita
672 466 841 552 accipitur:
862 474 901 546 τῇ
921 465 980 545 ἐμῇ
1002 465 1104 530 πίστει
1126 465 1259 538 κελεύω,
1281 462 1370 541 λέγω,

203 570 286 637 θέλω
313 572 380 638 sive
403 572 577 650 βούλομαιε
603 573 657 638 sed
681 577 710 638 st
736 574 763 636 si
788 570 874 653 φημί
894 569 1027 648 dixerit,
1052 592 1108 656 pro
1130 592 1167 636 eo
1192 571 1272 648 erit,
1298 590 1331 634 ac
1353 571 1373 634 si

203 677 320 764 dixerit
341 678 437 756 λέγω.
484 678 521 744 In
546 679 805 765 stipulationibus
829 677 1050 743 fideiussorum
1072 677 1238 742 sciendum
1262 681 1311 741 est
1330 697 1387 762 ges

201 784 351 850 neraliter
373 785 433 851 hoc
457 785 575 870 accipi,
599 790 653 862 ut,
678 786 901 871 quodcumque
919 783 1074 870 scriptum
1093 785 1136 848 sit
1156 783 1371 868 quasiactum,

200 890 347 956 videatur
369 890 467 956 etiam
489 895 612 956 ectum:
636 891 769 982 ideoque
789 895 929 967 constat,
950 890 1067 976 siquis
1087 911 1119 955 se
1139 889 1303 976 scripserit
1316 885 1380 970 fide,

201 997 347 1072 iussisse,
372 997 473 1064 videri
497 998 603 1064 omnia
626 997 823 1065 sollemniter
846 1003 925 1064 aeta

762 1202 851 1268 XXI.

495 1373 547 1432 DE
566 1372 812 1432 LITTERARUM
833 1370 1104 1432 OBLIGATIONE.

253 1533 339 1598 Olim
374 1533 531 1619 scriptura
564 1532 660 1599 fiebat
689 1534 862 1621 obligatio,
895 1553 975 1618 quae
1005 1533 1188 1598 nominibus
1220 1529 1291 1597 fieri
1312 1533 1380 1596 dice

207 1639 322 1715 batur,
358 1661 439 1725 quae
472 1643 602 1706 nomina
631 1640 726 1706 hodie
755 1661 818 1704 non
847 1644 922 1704 sunt
952 1642 986 1704 in
1017 1659 1088 1703 usu.
1136 1637 1231 1723 plane
1264 1639 1292 1701 si
1322 1641 1380 1722 quis

207 1745 319 1811 debere
350 1766 384 1811 se
412 1748 589 1832 scripserit,
622 1746 705 1832 quod
736 1750 940 1810 numeratum
965 1747 994 1809 ei
1017 1765 1079 1810 non
1102 1749 1169 1822 est,
1196 1745 1236 1809 de
1260 1745 1380 1828 pecunia

209 1851 345 1917 minime
372 1858 537 1918 numerata
559 1859 630 1938 post
653 1852 796 1916 multum
818 1853 972 1936 temporis
994 1853 1213 1935 exceptionem
1237 1869 1380 1935 opponere

208 1977 272 2021 non
304 1963 424 2043 potest:
454 1959 513 2024 hoc
545 1961 630 2024 enim
662 1959 846 2044 saepissime
869 1961 1078 2023 emetitutum
1102 1960 1159 2020 est.
1208 1958 1254 2020 sic
1276 1953 1329 2032 fit,
1352 1961 1380 2016 ut

209 2065 242 2125 et
272 2062 383 2140 hodie,
411 2064 489 2129 dum
511 2067 600 2149 queri
623 2085 685 2130 non
707 2069 827 2150 potest,
852 2067 1008 2149 scriptura
1031 2062 1211 2149 obligetur:
1236 2065 1270 2126 et
1293 2083 1331 2125 ax
1352 2081 1379 2124 ea

209 2169 351 2234 nascitur
373 2171 547 2252 condictio,
573 2177 713 2236 cessante
736 2170 858 2235 scilicet
880 2169 1051 2236 verborum
1075 2167 1281 2254 obligatione.
1304 2167 1378 2230 mul·

211 2278 283 2338 tum
311 2277 423 2340 autem
449 2281 577 2363 tempus
605 2280 638 2341 in
667 2277 728 2342 hac
760 2279 942 2362 exceptione
973 2279 1065 2339 antea
1091 2273 1221 2359 quidem
1246 2293 1284 2336 ex
1305 2275 1380 2357 prin-

210 2379 366 2466 cipalibus
397 2384 677 2449 constitutionibus
708 2405 808 2468 usque
837 2382 877 2448 ad
909 2378 1378 2466 quinquennium-procedebat:

208 2486 263 2554 ssd
293 2510 333 2552 ne
366 2489 533 2555 creditores
565 2491 687 2555 diutius
713 2491 836 2574 possint
862 2491 929 2553 suis
951 2487 1093 2574 pecuniis
1114 2485 1244 2550 forsitan
1268 2484 1379 2549 defrau-

208 2594 293 2666 dari,
330 2616 386 2680 per
421 2597 681 2661 constitutionem
714 2599 853 2661 nostram
890 2599 1017 2679 tempus
1048 2596 1225 2657 coartatum
1257 2595 1318 2674 cst,
1350 2595 1378 2653 ut

209 2698 295 2766 ultra
318 2700 439 2766 biennii
461 2706 562 2768 metas
585 2701 770 2768 huiusmodi
794 2703 935 2788 exceptio
958 2701 1093 2765 minime
1116 2697 1309 2762 extendetur.
