2934 4608
180 0 212 51 1
547 11 631 60 msr.
688 41 696 59 .
720 14 776 62 xx.
805 22 948 58 xxxx

153 200 216 245 non
241 202 341 267 usque
365 183 404 248 ad
429 201 500 246 eam
521 171 781 247 constitutionem
805 180 954 246 standum
977 201 1044 246 esse
1067 179 1337 245 existimavimus.

156 306 231 350 cum
261 290 348 352 enim
380 289 606 370 antiquitatem
638 289 819 353 invenimus
847 285 956 374 legata
978 286 1109 370 quidem
1133 285 1244 349 stricte
1268 302 1339 347 con·

156 390 355 468 eludentem,
392 391 644 457 fideicommissis
678 397 806 476 autem,
842 411 923 476 quae
957 411 996 456 ex
1030 389 1197 457 voluntate
1231 389 1338 474 magis

156 495 386 563 descendebant
417 497 657 581 defunctorum,
688 499 893 585 pinguiorem
924 501 1072 562 naturam
1095 493 1338 581 indulgentem:

155 605 369 668 necessarium
403 623 470 668 esse
504 603 657 667 duximus
687 605 795 668 omnia
824 602 931 690 legata
962 600 1218 684 fideicommissis
1249 617 1340 663 exae-

156 727 269 791 quare,
293 707 442 774 utnulla
465 709 509 772 sit
531 710 615 772 inter
638 729 674 773 ea
697 707 889 784 differentia,
914 707 969 772 sed
992 707 1076 790 quod
1099 706 1188 770 deest
1210 703 1337 791 legatis,

157 810 217 878 boc
245 813 404 898 repleatur
434 833 472 876 ex
500 822 614 878 natura
635 811 955 879 fideicommissorum
978 817 1027 888 et,
1052 809 1179 895 siquid
1202 807 1340 894 amplius

159 923 208 982 est
236 921 271 982 in
302 918 439 1006 legatis,
470 938 527 1002 per
556 919 617 984 hoc
648 925 766 984 crescat
790 917 1028 985 fideicommissi
1050 922 1175 982 natura.
1222 913 1340 978 sedne

159 1024 193 1087 in
216 1025 330 1108 primis
353 1023 465 1110 legum
488 1025 655 1091 cunabulis
677 1027 836 1111 permixte
855 1025 894 1089 de
914 1023 966 1089 bis
987 1020 1169 1108 exponendo
1190 1019 1342 1085 studiosis

159 1126 414 1192 adulescentibus
456 1130 613 1212 quandam
656 1131 896 1196 introducamus
942 1126 1181 1203 difficultatem,
1228 1142 1341 1209 operae

156 1235 297 1316 pretinm
329 1253 395 1298 esse
427 1233 579 1299 duximus
607 1238 737 1301 interim
769 1236 940 1320 separatim
970 1235 1060 1318 prius
1091 1232 1130 1297 de
1163 1230 1281 1316 legatis
1310 1231 1344 1292 et

158 1343 268 1422 postea
304 1338 342 1403 de
376 1335 631 1404 fideicommissis
667 1346 819 1423 tractare,
850 1345 888 1404 ut
920 1345 1033 1403 natura
1063 1339 1230 1420 utriusque
1260 1335 1341 1397 iuris

159 1447 289 1530 cognita
319 1442 412 1508 facile
433 1447 556 1528 possint
578 1449 824 1531 permixtionem
848 1466 959 1512 eorum
980 1441 1099 1509 eruditi
1121 1438 1343 1527 suptilioribus

160 1549 291 1613 auribus
314 1550 465 1632 accipere.
558 1545 562 1552 ’
764 1617 769 1622 ,

204 1653 278 1718 Non
308 1653 414 1719 solum
445 1659 555 1719 autem
584 1656 745 1720 testatoris
775 1652 828 1722 vel
857 1652 982 1719 heredis
1012 1672 1079 1728 res,
1103 1649 1159 1715 sed
1182 1653 1215 1714 et
1237 1648 1364 1714 alienas

158 1757 262 1845 legari
276 1825 278 1830 ,
293 1763 414 1844 potest:
446 1761 493 1824 ita
523 1764 561 1824 ut
590 1760 682 1825 heres
705 1765 839 1848 cogatur
858 1759 1014 1825 redimere
1035 1777 1105 1822 eam
1130 1761 1162 1820 et
1184 1759 1344 1841 praestare

82 1937 85 1941 .
159 1862 231 1946 111,
263 1865 292 1926 Si
322 1883 386 1928 non
408 1869 513 1949 1101611
535 1865 708 1940 redimere,
732 1867 990 1936 aestimationem
1013 1865 1081 1928 eius
1104 1862 1189 1926 dare.
1235 1860 1292 1926 sed
1314 1860 1343 1924 si

161 1966 235 2032 talis
266 1987 316 2032 res
347 1971 406 2052 sit,
439 1971 530 2036 cuius
557 1989 620 2049 non
642 1976 690 2036 est
712 1973 961 2047 commercium,
984 1989 1042 2034 nec
1066 1968 1245 2034 aestimatio
1270 1967 1338 2030 eius

161 2073 314 2157 debetur;
345 2075 442 2138 sicuti
467 2077 500 2138 ,si
532 2095 682 2159 campum
714 2076 870 2166 Martium
902 2075 955 2143 vol
978 2072 1126 2140 basilicas
1143 2071 1202 2139 vel
1224 2068 1345 2155 templa

161 2176 215 2256 vel
248 2197 329 2262 quaa
346 2209 347 2212 ¹
363 2178 498 2262 publico
527 2183 609 2246 usui·
632 2182 790 2249 destinata
820 2186 896 2246 sunt
925 2181 1101 2267 legaverit:
1123 2179 1201 2242 nam
1223 2175 1345 2240 nullius

129 2356 131 2364 Α
160 2285 317 2350 momenti
337 2282 487 2370 ,legatum
507 2291 564 2352 cst.
613 2288 698 2372 quod
717 2293 827 2354 autem
846 2288 989 2352 diximus
1009 2283 1147 2349 alienam
1167 2303 1237 2348 rem
1255 2301 1344 2367 posse

160 2387 274 2477 legari,
299 2390 345 2453 ita
367 2388 623 2478 intellegendum
646 2398 711 2471 est,
736 2397 764 2459 si
786 2393 955 2460 defunctus
979 2390 1100 2456 sciebat
1118 2388 1258 2454 alienam
1277 2407 1345 2452 rem

82 2553 92 2561 .
162 2515 246 2578 essa,
271 2513 334 2560 non
358 2499 390 2558 et
414 2497 442 2560 si
464 2498 651 2583 ignorabat:
669 2498 802 2565 forsitan
820 2501 925 2582 enim,
945 2499 973 2562 si
990 2497 1104 2562 scisset
1114 2494 1270 2570 alienam,
1284 2511 1346 2557 non

161 2599 310 2688 legasset.
350 2603 451 2669 etita
474 2601 567 2672 divus
592 2602 866 2690 Piusfrascripsit.
903 2603 1065 2670 otcarius
1089 2601 1267 2684 estipsum
1290 2599 1345 2681 qui

164 2707 251 2792 agit,
283 2705 318 2770 id
349 2710 397 2770 est
426 2705 639 2792 legatarium,
670 2710 804 2794 probare
834 2715 978 2795 oportere
998 2707 1097 2772 coisse
1120 2704 1259 2770 alienam
1280 2723 1348 2768 rem

111 2855 117 2890 ·.
165 2808 273 2896 legare
317 2809 537 2892 defunctum,
558 2834 622 2884 non
656 2815 806 2888 heredem
840 2816 984 2902 probare¹
1008 2815 1153 2897 oportere
1185 2813 1346 2897 ignorasse

109 2971 111 2980 .
165 2915 323 3000 alienam,
359 2919 434 3002 quia
462 2937 593 3004 semper
627 2923 797 2988 necessitas
831 2919 991 3007 probandi·
1019 2917 1183 2984 incumbit
1211 2914 1263 2980 1111
1294 2917 1349 3000 qni

167 3023 247 3108 agi-t.
294 3019 357 3086 Sed
392 3027 425 3086 st
457 3025 493 3088 si·
521 3043 590 3092 rem
624 3026 815 3115 obligatam·
837 3027 985 3094 creditori
1005 3023 1139 3108 ¹aliquis
1171 3020 1367 3109 legaverit,e

149 3147 292 3206 ¹necesse
322 3126 419 3194 habet
449 3129 541 3203 bores
571 3130 671 3199 luere.
712 3140 749 3203 11
778 3135 839 3200 111
868 3151 993 3219 quoquc
1018 3149 1094 3196 casu
1115 3128 1204 3194 idem
1226 3127 1347 3212 placet,

138 3231 251 3317 ,quod
272 3234 316 3312 in
346 3253 380 3299 re
410 3231 530 3313 aliena,
559 3240 666 3306 utica
681 3240 819 3306 demum
842 3239 932 3305 luero
953 3256 1079 3303 necesse
1101 3235 1218 3300 babeat
1240 3233 1346 3306 heres,

165 3340 195 3402 si
225 3335 360 3403 sciebat
377 3339 545 3405 defunctus
574 3363 642 3407 rem
671 3344 849 3433 obligatam
880 3365 963 3410 esse:
997 3344 1100 3408 etita
1123 3339 1193 3404 divi
1214 3336 1348 3404 Severus

160 3447 200 3524 „et
230 3445 411 3509 Antoninus
442 3449 679 3533 rescripserunt.
724 3453 753 3516 si
783 3456 892 3519 tamen
925 3449 1093 3518 defunctus
1124 3443 1230 3514 voluit
1264 3443 1348 3530 lega

167 3551 288 3613 tarium
323 3548 412 3615 luere
446 3556 478 3616 et
512 3552 572 3618 boc
604 3559 776 3640 expressit,
809 3577 872 3622 non
903 3549 996 3622 debet
1025 3553 1123 3618 lieres
1146 3569 1218 3616 earu
1251 3547 1348 3612 luere.

168 3651 206 3718 Si
231 3674 282 3718 res
306 3653 409 3719 aliena
431 3654 539 3743 legata
561 3657 659 3724 fuerit
680 3666 712 3726 et
735 3664 804 3727 eius
825 3661 902 3728 vivo
925 3647 1082 3726 testatore
1098 3650 1275 3746 legatarius
1296 3651 1369 3718 doc

168 3761 277 3825 minus
309 3761 411 3826 factus
442 3761 556 3842 fuerit,
589 3767 617 3829 si
647 3767 778 3851 quidem
801 3789 840 3834 ex
864 3788 959 3860 causa
981 3762 1171 3856 emptioms,
1195 3761 1350 3845 1111111-

166 3872 276 3932 mento
308 3870 430 3936 actione
459 3871 601 3957 pretium
632 3875 780 3960 consequi
806 3879 929 3960 potest:
962 3873 991 3962 si
1020 3891 1096 3937 vero
1123 3889 1164 3952 ex
1186 3858 1283 3960 cansa
1302 3865 1317 3930 l
1337 3903 1351 3915 -

51 4066 55 4071 .
166 3975 307 4050 crativa,
340 3972 443 4039 veluti
473 3995 512 4039 ex
543 3974 712 4044 donatione
742 3978 796 4048 vel
826 4000 865 4047 ex
896 3978 961 4046 alia
984 3976 1093 4060 simili
1124 3994 1235 4058 causa,
1259 3993 1351 4061 agere
