2922 4602
466 87 522 136 111
543 70 583 136 ΙΙ.
608 72 644 156 ᾖ)
659 69 847 138 itt-179.
1181 71 1244 138 109

65 259 115 344 [et
152 255 188 323 in
222 258 452 328 novissimum
486 254 682 328 subsidium
717 258 774 330 vel
807 259 1045 330 necessarium
1080 258 1246 331 heredem

60 366 290 468 substituere]
306 375 343 462 1).
1173 365 1174 370 ¹

11 477 52 567 t5)
109 480 153 546 Et
182 482 258 548 licet
285 485 377 551 nobis
406 485 458 552 vel
487 507 589 550 unum
622 488 656 552 in
682 489 777 553 unius
799 487 908 554 locum
931 482 1147 565 substitulere,
1170 486 1240 573 plu·
1252 508 1286 562 11,
1300 507 1329 550 u

63 608 171 662 resve,
202 593 233 653 et
258 596 366 656 contra
387 593 422 656 in
444 590 588 677 plurium
611 590 719 657 locum
742 593 797 658 vel
819 616 921 660 unum
941 592 947 679 Ι
966 593 1019 659 vel
1041 591 1148 677 plures
1171 593 1243 658 sub·
1256 614 1280 657 u

63 695 208 758 stituere.

10 795 51 883 16)
110 799 222 865 Primo
250 802 358 886 itaque
387 802 489 889 gradu
512 795 661 889 scripltus
684 803 775 869 heres
798 803 1008 871 hereditatem
1033 802 1186 869 cernendo
1209 801 1280 869 fito

63 905 157 969 heres
191 911 223 970 et
257 908 462 1000 substiltutus
496 907 693 987 excluditur,
729 929 791 974 non
821 909 975 974 cernendo
1003 915 1242 985 summovetur,
1256 931 1281 973 11

65 1014 163 1076 etiam
186 1013 191 1094 Ι
212 1015 239 1076 si
261 1033 318 1098 pro
339 1014 453 1080 herede
477 1019 584 1101 gerat,
611 1020 644 1079 et
665 1016 700 1078 in
721 1012 828 1079 locum
854 1017 921 1080 eius
946 1015 1139 1079 substitutus
1163 1013 1240 1096 suc-l
1254 1038 1280 1082 rs

65 1116 167 1194 cedit,
199 1125 231 1183 et
261 1118 407 1204 deinceps
431 1122 459 1184 si
481 1119 589 1204 plures
611 1119 730 1206 gradus
754 1122 873 1184 sintin
897 1118 1035 1208 singulis
1058 1120 1169 1202 11111111
1191 1142 1236 1185 ra·
1253 1142 1286 1199 11,
1299 1142 1328 1187 ao

65 1225 154 1288 tione
175 1225 262 1289 idem
286 1227 453 1312 contingit.

9 1325 51 1413 17)
109 1327 174 1394 Sed
203 1332 231 1396 si
262 1332 359 1396 cretio
388 1333 456 1395 sine
486 1327 734 1409 exheredatione
764 1332 807 1396 sit
829 1330 917 1406 data,
941 1330 975 1394 id
1000 1336 1047 1396 est
1067 1331 1138 1414 im)
1165 1331 1277 1396 haecn

63 1436 179 1500 verba:
214 1438 263 1514 „si
290 1456 352 1500 non
382 1438 535 1508 creverit,
559 1437 563 1520 Ι
584 1441 654 1499 tum
687 1435 723 1498 P.
755 1425 904 1502 Maevius
926 1436 1017 1501 heres
1040 1435 1136 1512 esto'’,
1159 1437 1280 1502 illudas

64 1541 227 1606 diversum
251 1543 428 1620 invenitur,
452 1541 535 1626 quod
556 1543 561 1624 1
582 1543 610 1605 si
625 1543 728 1626 prior,
749 1543 866 1607 omissa
885 1544 1039 1619 cretione,
1061 1542 1280 1627 proheredeaa

64 1652 171 1734 gerat,
186 1647 398 1712 substitutum
418 1649 424 1732 Ι
444 1649 478 1711 in
490 1652 613 1734 partem
627 1647 790 1722 admittit,
810 1643 935 1712 etfiunt
946 1647 1042 1712 ambo
1054 1647 1116 1732 [ec]
1132 1649 1241 1731 aequis
1253 1669 1280 1712 11

65 1753 211 1838 partibus
223 1755 240 1828 ΙΙ
251 1752 382 1818 heredes
389 1773 398 1832 ;
421 1752 505 1838 quod
523 1755 552 1817 si
569 1773 671 1837 neque
687 1739 812 1828 cernat,
826 1773 927 1837 neque
939 1773 995 1838 pro
1010 1751 1124 1818 herede
1135 1758 1244 1839 gerat,
1303 1752 1346 1819 99

65 1865 137 1924 tum
160 1860 165 1941 Ι
186 1879 258 1924 sane
292 1861 327 1922 in
358 1861 505 1923 universo
536 1863 758 1924 summovetur
787 1862 819 1922 et
849 1859 1068 1943 substitutus!
1089 1860 1122 1922 in
1146 1863 1243 1924 totam
1258 1882 1295 1943 ep
1313 1845 1382 1926 ¹⁹5)

65 1965 275 2029 hereditatem
301 1965 451 2029 succedit.
473 1967 477 2049 Ι

7 2065 54 2154 78)
111 2069 176 2134 Sed
205 2066 321 2134 Sabino
352 2069 481 2154 quidem
512 2069 648 2156 placuit,
674 2070 828 2157 quamdiu
852 2090 977 2134 cernere
1000 2076 1032 2134 et
1056 2090 1092 2134 eo
1115 2071 1269 2153 11111011

63 2177 155 2240 heres
183 2173 250 2240 fieri
280 2177 379 2256 possit
409 2178 508 2260 prior,
534 2177 633 2240 etiam
657 2177 683 2239 si
707 2161 763 2260 pro
787 2176 901 2242 herede
924 2177 1086 2266 gesselrit,
1112 2196 1175 2240 uon
1197 2184 1304 2261 ta-a,o

65 2303 141 2347 men
169 2281 297 2345 admitti
320 2281 550 2357 substitutum,
576 2303 649 2346 oum
674 2302 748 2346 vero
774 2283 871 2346 cretio
892 2281 897 2367 l
917 2279 1008 2346 finita
1025 2283 1081 2357 sit,
1100 2295 1171 2346 tum
1192 2303 1273 2366 pror

65 2387 181 2453 herede
201 2387 339 2473 gerendo
353 2387 484 2451 admitti
501 2387 728 2478 substitutum:
746 2386 817 2450 aliis
837 2407 911 2451 vero
928 2385 1067 2470 placuit,
1084 2389 1182 2450 etiam
1195 2409 1271 2452 su=a

64 2498 194 2577 perante
211 2495 346 2557 cretione
365 2513 419 2577 per
430 2513 463 2557 se
477 2493 501 2575 3)
516 2514 589 2557 eum
605 2494 674 2576 (pro
686 2492 800 2556 herede
813 2492 963 2578 gerendo)
978 2493 1012 2555 in
1023 2496 1146 2576 partem
1160 2484 1242 2569 sub-l
1257 2513 1270 2557 o

66 2602 214 2662 stitutum
247 2598 415 2663 admittere
439 2603 471 2664 et
495 2596 634 2682 amplius
657 2597 697 2662 ad
721 2599 892 2662 cretionem
913 2598 1041 2674 retverti
1054 2601 1238 2684 amposta!
1254 2619 1287 2674 io,
1301 2621 1324 2663 11

7 2697 54 2782 79)
109 2703 232 2768 Liberis
255 2707 370 2768 nostris
392 2705 627 2788 impuberibus,
654 2723 732 2788 quos
755 2705 789 2766 in
812 2708 968 2787 potestate
991 2700 1156 2778 halbemus
1178 2723 1240 2767 non
1253 2725 1287 2787 u,
1301 2725 1327 2768 re

65 2807 167 2873 solum
192 2811 238 2874 ita
260 2815 297 2873 ut
321 2829 415 2896 supra
438 2810 591 2880 diximus,
617 2809 809 2873 substituere
830 2807 834 2892 l
855 2827 1025 2894 possumus
1032 2828 1040 2884 ;
1059 2806 1094 2871 id
1116 2811 1181 2885 est,
1205 2814 1242 2871 ut
1255 2829 1280 2873 11

66 2917 92 2978 si
114 2915 243 2980 heredes
271 2935 333 2983 non
365 2917 547 2998 extiterint,
577 2913 658 2980 alius
689 2915 792 2996 nothis
821 2913 912 2978 heres
944 2916 1004 2991 sit,
1036 2912 1091 2978 sed
1115 2934 1151 2977 eo
1177 2934 1240 2978 am·
1254 2936 1279 2979 u

65 3019 163 3104 plius,
189 3029 227 3084 ut
251 3023 349 3086 etiam
373 3023 401 3085 si
422 3021 552 3086 heredes
576 3018 677 3108 nolbis
702 3021 882 3096 extiterint,
907 3024 938 3084 et
968 3019 1070 3084 adhuc
1097 3019 1242 3104 impube·
1253 3040 1280 3084 11

66 3145 116 3189 res
147 3128 269 3190 mortui
302 3127 449 3201 fuelrint,
482 3129 524 3191 sit
556 3129 598 3190 iis
632 3125 748 3211 aliquis
777 3126 880 3202 heres;
913 3122 1005 3189 velut
1035 3123 1094 3190 hoc
1126 3124 1238 3189 modo:
1254 3148 1278 3191 u

67 3229 191 3309 ,Titius
224 3230 311 3298 filius
337 3214 453 3317 tmere
486 3232 568 3298 mihi
603 3229 695 3298 heres
729 3235 813 3309 esto;
849 3233 877 3295 si
913 3227 999 3296 filius
1033 3251 1123 3296 meus
1158 3231 1241 3296 mihi
1252 3252 1278 3296 u

52 3465 242 3478 *—

96 3588 125 3654 1)
143 3587 216 3641 Haec
240 3586 283 3641 ita
302 3586 394 3656 recepi
413 3603 447 3641 ex
466 3587 633 3655 Iustiniano,
655 3591 688 3644 ut
708 3588 808 3644 Gaium
828 3590 916 3646 latine
936 3589 1098 3659 loquentem
1116 3590 1244 3645 iacerem.

59 3674 178 3730 Primum
197 3676 270 3734 enim
287 3677 389 3732 sustuli
405 3677 716 3747 interpretatiunculam
735 3681 890 3745 »semum”,
906 3679 1005 3734 deiude
1022 3682 1116 3737 autem
1127 3680 1246 3736 scribere

59 3764 134 3819 nolui
159 3767 323 3822 »novissimo
348 3767 409 3822 loco
429 3768 461 3820 in·
479 3768 659 3836 subsidium'',
680 3771 747 3840 quia
767 3769 980 3826 substitutiones
999 3785 1094 3824 omues
1114 3769 1244 3842 deinceps

61 3856 168 3910 suntin
187 3856 349 3912 subsidium.

95 3945 125 4014 2)
144 3943 255 4000 Secutus
275 3965 337 4000 sum
356 3947 384 4000 in
405 3964 434 4002 re
453 3947 538 4002 dubia
557 3947 619 4002 edd.
640 3947 682 4004 C.:
704 3950 771 4004 »set

96 4035 124 4103 *)
143 4035 257 4106 »pagina
277 4036 397 4091 exterior
415 4040 529 4107 propter
548 4037 682 4093 ductuum
701 4041 837 4109 pallorem
857 4038 1004 4094 difficulter
1021 4035 1146 4110 legitur’

97 4122 126 4193 3)
146 4123 186 4180 Oc
206 4143 298 4196 posse,
320 4127 355 4181 cf.
375 4145 458 4197 supra
479 4128 541 4196 §96
560 4126 635 4182 idem
654 4129 795 4184 mendum.
