2890 4616
349 49 354 56 »
430 50 486 101 en
507 31 562 99 m
587 31 624 118 §a
646 13 836 98 are-aar.
921 10 958 121 j
1157 25 1254 118 aaa,

47 223 165 310 egerit,
184 227 221 288 ut
237 224 469 310 rumpe[re]tnr
480 219 521 291 ¹t:
541 223 621 287 item
641 221 647 306 Ι
667 223 695 287 si
714 221 785 305 quis
797 217 899 284 alieno
911 239 1001 285 servo
1012 223 1246 306 persuaserit,e

46 333 86 393 nt
107 331 141 393 in
164 328 306 394 arborem
329 329 539 412 aseenlderet,
564 328 616 394 vel
638 328 672 392 in
694 331 830 413 puteum
853 323 1070 405 descenderet,
1095 334 1128 394 et
1149 331 1178 394 is
1191 329 1217 409 ²)
1231 348 1258 393 ro

48 434 241 500 ascendendo
260 438 267 518 Ι
287 440 343 500 aut
372 435 602 518 descendendo,
634 431 810 520 reoideri[t]
842 434 903 514 ψ’)
933 438 1093 511 (mortuus
1126 433 1223 499 fuerit
1234 455 1257 498 n

48 547 108 604 ant
137 539 243 625 aliqua
263 541 268 624 Ι
288 547 376 626 parte
399 541 535 626 eorporis
557 541 660 606 laesus
683 541 757 624 sit):
782 540 860 602 item
886 537 928 622 [ri
950 539 1034 625 i]pse
1056 542 1128 624 quis
1149 539 1261 605 alien

46 647 168 730 nnm⁴)
189 647 194 730 Ι
214 667 342 712 servum
372 647 410 712 de
437 651 532 732 ponte
564 653 617 712 aut
642 647 712 731 ripa
734 645 768 708 in
790 643 910 709 flumen
932 645 1116 728 pmieoerit,
1141 651 1174 712 et
1196 647 1262 710 isra
1377 723 1380 728 ¹

48 743 237 832 sullfooatns
265 752 375 818 fuerit:
405 755 552 838 quamvis
582 753 634 818 hie
662 771 789 836 corpore
810 770 869 815 suo
892 749 1046 816 damnum
1069 751 1217 842 dedislse,
1233 773 1268 830 u,
1282 773 1307 817 rs

48 877 106 931 eo,
128 858 211 943 quod
233 861 414 943 pmieoerit,
428 860 455 942 ⁵)
477 858 624 946 intellegi
646 863 760 943 potest.
782 857 787 939 Ι

6 964 35 1052 ll)
97 963 218 1029 Iniuria
237 970 344 1030 autem
364 966 577 1030 committitur
595 985 658 1030 non
678 963 782 1030 solnm
801 985 875 1031 oum
895 965 966 1048 quis
985 984 1109 1051 pugno,
1131 968 1223 1049 pnta,
1237 984 1263 1028 re

46 1076 108 1136 ant
127 1073 132 1154 Ι
153 1070 236 1136 fuste
265 1087 430 1157 percussus
461 1070 513 1137 vel
544 1073 642 1136 etiam
668 1071 856 1137 ¹verberatus
880 1071 1038 1154 [fa]erit,
1064 1070 1119 1135 sed
1141 1075 1174 1134 et
1197 1071 1262 1137 siu

47 1179 104 1242 eui
135 1179 326 1263 oonriloium
349 1177 471 1243 fartum
493 1177 589 1242 fuerit
612 1177 679 1262 sive
699 1177 773 1262 ¹quis
786 1178 877 1264 ¹bona
899 1174 1035 1242 alieuius
1058 1178 1149 1264 quasi
1173 1174 1264 1242 desa

45 1281 188 1366 biltoris,
218 1285 318 1347 sciens
349 1304 424 1348 enm
446 1282 529 1348 nihil
552 1283 613 1347 sibi
637 1283 766 1360 debere,
792 1282 853 1348 sibi
872 1284 1108 1368 proscripserit,
1130 1282 1136 1370 Ι
1157 1284 1309 1358 siveram

47 1391 125 1473 quis
159 1389 198 1454 ad
231 1387 399 1454 infamiam
435 1387 570 1454 alienius
604 1388 752 1454 libellum
788 1393 843 1453 aut
874 1408 1002 1452 carmen
1022 1391 1027 1473 Ι
1047 1391 1263 1475 scripserit,sr

47 1494 301 1589 [composuerit
341 1492 510 1585 ediderit,
553 1492 681 1563 dolove
722 1492 816 1564 malo
856 1491 997 1585 fecerit,
1035 1519 1106 1591 qno
1143 1493 1230 1591 quid

46 1632 174 1677 eorum
203 1604 338 1698 fieren]
371 1610 439 1674 sive
470 1609 542 1692 quis
572 1607 879 1683 matremfamilias,
899 1613 955 1673 aut
977 1612 1230 1692 praetextatum}

47 1721 231 1786 adsectatus
261 1720 370 1797 fuerit,
401 1725 433 1786 et
464 1720 599 1805 deniqne
622 1719 694 1784 aliis
717 1719 863 1805 pluribus
885 1721 1027 1805 modist
1238 1743 1265 1786 m

6 1827 37 1915 l)
99 1825 164 1892 Sed
201 1829 270 1913 pati
282 1826 307 1913 ⁸)
347 1828 497 1891 iniuriam
528 1826 676 1892 videmur
703 1846 765 1891 non
797 1825 901 1890 solum
932 1847 988 1912 per
1017 1833 1141 1893 nosmet
1173 1829 1265 1916 iptsa

46 1953 119 2018 soe,
139 1933 194 2004 sed
213 1935 311 2006 etiam
331 1953 387 2023 per
402 1931 519 2001 liberos
537 1937 678 2007 nostros,
700 1933 828 2019 qnosin
851 1937 1006 2018 potestate
1025 1933 1198 2012 habemus,
1211 1935 1228 2009 ΙΙ
1239 1955 1266 2004 es

80 2484 110 2554 1)
130 2482 230 2538 Nescio
248 2499 285 2538 an
303 2480 372 2536 Inst.
392 2487 504 2538 anotore
522 2481 653 2538 lacunam
671 2480 790 2546 inCod.
809 2481 874 2536 Ver.
894 2484 1058 2537 statuamus.

82 2575 113 2644 2)
134 2573 179 2630 d:
198 2573 259 2628 etsi.

81 2665 111 2734 3)
131 2663 301 2719 Adverbium
320 2664 356 2719 ad
375 2663 540 2720 »ceciderit'
560 2679 578 2717 a
593 2661 662 2719 Gaio
679 2660 821 2728 additum,
837 2659 978 2734 adscripta
993 2661 1237 2734 interpretatione,

37 2753 129 2826 periit
146 2756 180 2808 ut
196 2753 298 2808 ultima
315 2754 412 2810 littera
431 2754 517 2810 verbi.
599 2815 602 2822 Ι

79 2845 110 2914 4)
130 2843 172 2899 (tx
192 2843 260 2898 item
279 2843 323 2914 psi
340 2844 403 2916 quis
421 2836 568 2922 alienumfi.
606 2843 743 2898 Ultimam
758 2843 896 2909 litteram,
913 2843 970 2899 sive
986 2862 1012 2909 a,
1029 2843 1086 2899 sive
1103 2863 1120 2898 a
1138 2843 1237 2910 fuerit,

35 2933 238 3005 negligendam
267 2950 324 2989 esse
353 2935 503 3006 putabam3
532 2949 621 3003 neque
652 2934 741 2999 enim,
771 2951 834 2988 oum
862 2932 920 2988 iam
946 2934 1052 2989 ineerta
1071 2935 1123 2999 sit,
1143 2937 1235 2989 eattae

36 3022 232 3098 emendationi
256 3024 348 3078 loonm
374 3025 431 3080 dat.
456 3023 641 3080 Verisimilius
665 3023 735 3078 mihi
753 3022 866 3093 quidem
884 3023 997 3079 videtur
1015 3043 1029 3078 e
1047 3024 1147 3089 fuisse,
1166 3041 1238 3095 quae

37 3133 57 3169 a
78 3113 204 3185 margine
222 3113 336 3170 Archet.
355 3115 411 3171 huo
430 3113 587 3186 irrepserit,
605 3114 647 3169 ita
666 3113 787 3180 seilicet,
807 3117 840 3169 ut
858 3117 911 3186 ipa
928 3132 978 3185 pro
997 3116 1052 3185 epae
1069 3113 1125 3168 iam
1142 3114 1171 3168 in
1187 3113 1238 3171 illo

37 3203 138 3261 codiee
168 3203 258 3274 prima
290 3222 375 3260 manu
405 3205 540 3275 seriptum
565 3203 663 3269 fuerit,
689 3203 901 3274 emendatioqne
924 3203 957 3258 vin
982 3203 1106 3275 margine
1132 3203 1237 3259 addita.

38 3293 227 3350 Desideratus
250 3294 348 3365 utique
372 3295 426 3351 hoe
449 3295 558 3367 ›ipse'';
578 3311 645 3348 nam
664 3293 688 3348 si
709 3293 771 3364 quis
789 3293 908 3349 liberum
928 3293 1069 3350 hominem
1089 3293 1134 3348 vel
1152 3293 1238 3349 etiam

40 3402 156 3440 servum
183 3403 263 3438 snum
289 3387 392 3440 iusserit
412 3384 534 3440 alienum
555 3385 646 3439 serum
666 3383 804 3455 deponis
824 3384 961 3454 proicere,
981 3383 1036 3439 diei
1055 3401 1111 3439 non
1130 3386 1238 3454 potest,

39 3491 94 3530 »eo
115 3473 189 3543 quod
209 3473 370 3545 proiecerit,
390 3492 496 3546 corpore
515 3493 560 3530 arro
580 3475 713 3529 damnem
733 3473 850 3530 dedisse.
887 3475 1035 3530 Caeterum
1055 3473 1090 3529 of.
1110 3490 1181 3543 quae
1200 3472 1237 3528 ad

36 3567 116 3620 hano
134 3581 193 3618 rem
211 3562 357 3619 adnotavit
376 3562 524 3620 Goudsmit
542 3565 561 3618 l.
581 3565 600 3618 l.
619 3583 647 3634 p.
669 3565 712 3618 70.
747 3564 800 3630 Qui
819 3566 915 3619 tamen
933 3564 977 3619 vir
998 3563 1039 3619 (tl.
1060 3581 1123 3618 enm
1141 3561 1239 3632 etipse

37 3658 195 3720 statueret,
213 3653 384 3714 ,dubitatum
409 3654 549 3724 quondam
577 3653 611 3708 de
639 3670 671 3708 eo
698 3670 763 3708 easu
789 3670 863 3719 esse,
886 3672 935 3709 eur
954 3652 1073 3710 voluerit
1091 3651 1240 3708 lectionem

36 3745 178 3802 traditam
204 3760 238 3798 ex
263 3742 431 3799 auctoritate
454 3745 523 3799 lust.
548 3744 680 3815 refingere
706 3742 816 3813 quaerit
842 3743 870 3798 F.
897 3744 929 3800 B.
958 3743 1083 3799 Coninok
1102 3742 1238 3814 Liefsting

38 3837 102 3892 Vir.
123 3834 203 3889 Oons.
221 3831 250 3886 in
271 3832 448 3890 »Themidis”
467 3835 560 3918 laspio.
580 3834 682 3889 mensis
700 3833 777 3890 Junii
797 3833 878 3888 1816.

80 3929 111 3995 5)
131 3927 162 3994 (n
182 3923 325 3994 difficile).
346 3923 376 3979 0.
396 3925 474 3992 Quod
493 3924 630 3980 insulsum
649 3923 874 3979 additamentum
895 3923 952 3978 iam
971 3941 989 3979 a
1007 3923 1106 3982 lustin.
1127 3940 1239 3999 quoque

38 4019 150 4073 lectum
169 4017 220 4069 est.
257 4013 310 4069 Pro
330 4013 474 4071 ›dedisse”
493 4015 522 4070 in
542 4015 608 4071 Cod.
627 4014 684 4070 fnit
703 4012 869 4068 »dedisses”.

81 4107 111 4178 6)
130 4104 176 4160 (tr
194 4107 294 4179 spatia.
332 4105 464 4162 Mendnm
483 4107 582 4162 natum
602 4107 645 4160 est
664 4121 712 4161 ex:
732 4103 754 4158 s'
771 4102 840 4175 pati.
