2890 4616
471 80 554 132 ruer.
579 59 634 167 Il.
658 83 689 130 v.
713 59 841 149 §1-3.
1169 54 1235 125 835
1331 49 1332 52 ¹

54 273 186 321 nocere:
220 274 281 339 quo
311 275 385 320 casu
416 249 516 340 poena
546 254 654 319 decem
686 256 854 317 aureorum
889 253 1061 316 constituta
1093 257 1150 315 cet.
1198 251 1236 315 dc
1301 294 1302 300 κ

56 383 97 426 eo
129 382 219 431 vero,
249 361 331 444 quod
362 361 519 426 deiectum
550 359 811 441 effusumvecst‚
836 356 926 442 dupli
949 360 1060 442 quanti
1082 357 1236 421 damnum

54 469 170 533 datum
202 469 244 530 sit
276 469 446 530 constituta
470 471 517 530 est
540 469 631 530 actio.
679 464 718 529 ob
742 464 904 529 hominem
927 484 1001 528 vero
1025 463 1162 528 liberum
1186 482 1234 527 oc-

55 577 163 638 cisum
191 574 420 659 quinquaginta
443 591 609 639 aureorum
633 591 732 656 poena
755 569 974 635 constituitur:
1000 570 1027 633 si
1050 589 1125 634 vero
1147 571 1236 635 vivet

55 682 265 762 nocitumque
298 681 328 743 oi
361 699 427 743 esse
462 678 601 761 dicetur,
631 682 785 762 quantum
816 677 855 740 ob
891 696 960 741 eam
994 696 1061 739 rem
1097 688 1235 760 aequum

53 786 158 851 iudici
189 785 332 860 videtur,
364 787 446 848 actio
470 783 578 847 datur:
603 783 698 847 iudex
722 784 807 846 enim
831 786 1013 867 computare
1037 781 1129 847 debet
1151 802 1232 846 mer·

56 892 152 956 cedes
170 891 302 955 medicis
321 893 485 974 praestitas
508 896 689 973 caeteraque
712 889 890 973 impendia,
913 909 992 973 quae
1017 891 1051 952 in
1074 891 1235 953 curatione

54 997 253 1072 factasunt,
280 1001 440 1081 praeterea
463 1016 645 1079 operarum,
671 995 785 1079 quibus
810 997 911 1058 caruit
934 1000 989 1059 aut
1013 997 1168 1060 cariturus
1187 998 1234 1059 est

54 1105 98 1168 ob
130 1102 181 1186 id,
214 1103 296 1187 quod
326 1101 452 1166 inutilis
480 1103 581 1166 factus
612 1108 667 1165 est.
717 1099 752 1164 Si
779 1099 864 1165 filius
887 1101 1027 1166 familias
1050 1121 1191 1166 seorsum
1214 1119 1257 1165 aa

51 1215 147 1294 patre
171 1208 363 1273 habitaverit
384 1213 417 1272 et
440 1207 516 1292 quid
540 1229 578 1271 ex
601 1191 778 1272 coenaculo
792 1209 859 1271 eius
879 1207 1038 1272 deiectum
1058 1206 1234 1272 effusumve

56 1319 121 1391 sit,
147 1317 213 1379 sive
235 1315 310 1399 quid
334 1317 475 1399 positum
498 1334 725 1399 suspensumve
748 1314 911 1390 habuerit,
937 1316 1027 1378 cuius
1047 1333 1136 1379 casus
1152 1313 1232 1396 peri-

53 1421 185 1486 culosus
215 1426 278 1485 est:
310 1403 432 1485 Iuliano
463 1420 584 1505 placuit
613 1422 647 1484 in
674 1425 795 1505 patrem
820 1418 943 1484 nullam
968 1421 1231 1494 concoctionem,

58 1527 117 1591 sed
148 1547 222 1590 cum
252 1530 320 1611 ipso
351 1525 416 1590 filio
450 1527 624 1613 agendum,
658 1526 740 1610 quod
773 1532 804 1592 et
826 1528 860 1589 in
879 1523 946 1600 filio
968 1524 1107 1589 familias
1129 1525 1234 1589 iudice

56 1633 289 1698 observandum
314 1638 377 1708 est,
403 1634 458 1716 qui
479 1632 570 1695 litem
594 1653 685 1696 suam
709 1632 827 1696 fecerit.
861 1630 944 1695 Item
969 1633 1121 1695 exercitor
1139 1633 1254 1696 navisa

57 1743 117 1804 aut
147 1759 305 1824 cauponae
336 1743 391 1803 aut
418 1737 536 1802 stabuli
559 1737 597 1801 de
620 1736 691 1801 dolo
713 1742 769 1801 aut
791 1737 893 1820 furto,
918 1736 1001 1821 quod
1019 1739 1054 1800 in
1073 1757 1154 1802 nave
1177 1741 1233 1801 eut

55 1848 93 1909 in
126 1865 265 1928 caupona
296 1847 411 1908 autin
440 1842 564 1908 stabulo
589 1844 710 1907 fectum
734 1845 812 1926 erit,
835 1845 925 1927 quasi
947 1864 985 1908 ex
1008 1842 1163 1908 maleficio
1188 1848 1232 1908 te-

59 1953 132 2014 neri
161 1951 304 2027 videtur,
336 1953 364 2014 si
393 1949 486 2014 modo
516 1952 617 2034 ipsius
643 1948 768 2013 nullum
794 1955 842 2014 est
864 1948 1074 2026 maleficium,
1098 1949 1152 2014 sed
1176 1948 1233 2014 ali·

57 2058 156 2121 cuius
183 2073 318 2132 eorum,·
339 2076 473 2140 quorum
503 2077 595 2140 opera
623 2077 738 2120 navem
753 2113 754 2116 ,
770 2061 826 2120 aut
849 2076 1022 2140 cauponam
1047 2060 1102 2120 aut
1127 2057 1233 2120 stabu-

55 2162 130 2226 lum
154 2168 325 2227 exerceret:
352 2183 423 2226 eum
448 2165 532 2226 enim
556 2183 657 2246 neque
680 2183 719 2226 ex
743 2167 904 2226 contractu
925 2165 967 2227 sit
987 2162 1137 2226 adversus
1157 2182 1230 2226 eum

58 2270 233 2332 const'tuta
255 2269 331 2332 haec
355 2271 437 2334 actio
460 2274 492 2333 et
507 2268 713 2352 'aliquatenus
736 2269 846 2352 culpae
869 2289 940 2333 reus
960 2273 1023 2341 est,
1044 2268 1232 2352 quodopera

55 2372 218 2437 malorum
252 2374 419 2439 hominum
454 2383 612 2452 uteretur,
648 2376 718 2440 ideo
753 2376 843 2460 quasi
877 2395 915 2438 ex
946 2372 1100 2438 maleficio
1131 2375 1232 2438 teneri

55 2477 198 2568 videtur.
243 2483 277 2543 in
304 2481 355 2545 his
378 2486 485 2544 autem
509 2483 633 2545 casibus
655 2483 689 2544 in
711 2482 832 2546 factum
856 2483 938 2546 actio
961 2482 1128 2564 competit,
1153 2499 1232 2565 quae

55 2583 169 2648 heredi
192 2585 319 2670 quidem
342 2587 452 2664 datur,
477 2587 627 2652 adversus
649 2587 797 2652 heredem
820 2592 928 2651 autem
951 2606 1014 2651 non
1036 2588 1197 2672 competit.
