3024 4574
753 41 776 108 2

165 237 237 299 nost
238 252 289 298 ros
314 231 495 298 barbaricae
517 237 595 320 gent
596 253 629 297 es
581 231 742 297 t‘sub
733 252 812 320 ruga
841 235 948 295 nostra
974 229 1090 296 deduct
1091 249 1127 294 ae
1150 231 1343 316 cognoscunt

166 343 288 404 ettam
306 338 414 403 Africa
433 359 529 424 quam
550 338 657 402 aliae'
648 356 868 402 innumerosae
889 336 1253 422 provinciacpoettanta
1264 339 1344 399 tem-

166 465 282 530 porum
304 447 374 529 spat
374 445 406 508 ia
428 448 499 509 nost
499 445 542 508 rie
565 445 709 510 victoriis
733 463 751 508 a
771 441 895 541 caelest
873 444 1043 507 tinumine
1053 449 1158 528 praest
1145 442 1215 506 titis
1226 443 1345 506 iterum

129 545 131 548 ’
167 548 287 614 dicioni
308 547 470 614 Romanae
489 552 560 615 nost
561 569 657 635 roque
677 548 766 613 addit
752 552 803 613 tae
821 531 956 633 imperio
976 552 1047 633 prot
1048 552 1137 613 estan
1097 553 1200 613 antur.
1236 567 1345 612 omnes

167 675 243 722 vero
272 655 383 741 populi
405 654 564 742 legibus
554 676 621 720 ram
649 654 775 720 anobis
794 653 847 720 vel
864 652 1078 741 promulgatis
1096 653 1149 720 rel
1168 655 1351 739 compositis

165 767 333 848 reguntur.
367 759 410 827 llt
428 783 504 826 cum
526 761 754 826 sacratissimas
775 761 1016 825 constitutiones
1037 765 1129 825 antea
1147 759 1291 824 confusas
1310 761 1345 824 in
1391 779 1407 822 a

166 865 366 931 luculentam
405 869 563 930 ereximus
599 867 851 944 consonantiam,
884 870 960 930 tunc
982 871 1124 930 nostram
1146 864 1348 930 extendimus

168 993 278 1038 curam
305 977 337 1036 et
356 971 396 1036 ad
418 973 577 1036 immensa
595 971 781 1057 prudentiae
801 972 919 1037 veteris
937 969 1122 1048 volumina,
1148 975 1277 1056 etopus
1297 970 1349 1036 de·

167 1083 330 1164 speratum
365 1079 457 1162 quasi
490 1098 546 1163 per
569 1077 714 1142 medium
739 1076 933 1162 profundum
956 1081 1066 1142 euntes
1089 1075 1217 1142 caelesti
1239 1077 1347 1143 favore

168 1186 237 1248 iam
270 1181 528 1268 adimmevimus.
575 1179 720 1268 Cumque
752 1181 812 1248 hoc
846 1182 905 1254 deo
934 1183 1072 1268 propitio
1095 1185 1260 1267 peractum
1283 1186 1348 1262 est,

167 1287 359 1355 'triboniano
388 1290 458 1354 viro
480 1285 651 1375 magnifico
673 1288 829 1374 magistro
851 1291 883 1351 et
906 1292 1110 1372 exquaestore
1132 1289 1213 1352 sacri
1235 1286 1349 1373 palatii

168 1396 270 1459 nostri
291 1415 348 1460 nec
370 1413 433 1459 non
456 1392 635 1480 Theophila
652 1399 683 1458 et
695 1391 1139 1480 Dorotheouirisillustribus
1151 1395 1351 1478 antecessori·

34 1509 35 1514 ’
169 1499 246 1584 bus,
277 1519 413 1585 quorum
443 1501 589 1564 omnium
620 1497 797 1564 sollertiam
828 1502 860 1564 et
887 1497 1000 1586 legum
1023 1500 1191 1564 scientiam
1213 1505 1245 1564 et
1268 1501 1351 1565 circa

169 1610 293 1671 nostras
313 1607 469 1671 iussiones
491 1603 586 1670 fidem
608 1607 677 1670 iam
699 1625 738 1670 ex
769 1603 882 1668 multis
905 1624 1012 1668 rerum
1041 1608 1240 1690 argumentis
1267 1623 1352 1670 acce·

169 1713 297 1797 pimus,
317 1711 497 1777 convocatis
517 1709 661 1796 specialit
662 1731 696 1775 er
647 1710 1017 1794 mtandarimus‚t
979 1714 1017 1774 ιιτ
1035 1713 1144 1775 nostra
1163 1711 1298 1776 auctorit
1285 1713 1351 1775 tate

170 1827 241 1882 nost
242 1818 348 1903 risque
377 1817 577 1882 suasionibus
608 1822 799 1901 componant
828 1816 958 1880 instiutt
921 1816 1106 1880 utiones:u
1106 1813 1238 1880 tliceat
1260 1814 1352 1881 robis

171 1924 276 2008 prima
298 1921 411 2010 legum
442 1921 600 1988 cunabula
620 1941 684 1986 non
707 1921 825 1986 abt
770 1925 825 1986 ηιιτ
825 1923 910 2006 iquis
932 1919 1050 1986 fabulis
1073 1921 1208 1998 discere,
1234 1920 1289 1985 sed
1311 1919 1350 1984 ab

172 2027 334 2113 imperiali
351 2027 515 2113 splendore
534 2032 680 2114 appetere
703 2032 735 2093 et
721 2030 827 2092 ttam
849 2047 940 2093 aures
963 2047 1059 2112 quam
1084 2029 1209 2092 animae
1227 2029 1352 2092 vestras

168 2133 252 2198 nihil
272 2132 388 2199 inutile
409 2132 553 2218 nihilque
574 2153 740 2219 perperam
759 2133 919 2218 positum,
940 2132 996 2197 sed
1013 2132 1233 2218 quodinipsis
1244 2151 1352 2196 rerum

171 2240 295 2324 optinet
318 2240 516 2326 argumentis
538 2240 710 2324 accipiant:
736 2243 769 2304 et
791 2238 876 2324 quod
894 2240 929 2302 in
946 2238 1356 2323 prioretemporevixpost

172 2343 417 2430 quadriennium
439 2345 597 2430 prioribus
621 2343 842 2431 contingebat,
865 2348 904 2409 ut
915 2349 991 2408 tunc
1003 2345 1243 2410 constitutiones
1254 2345 1354 2428 impe-

172 2457 224 2516 rat
225 2451 306 2516 orias
324 2449 486 2537 legerent,
454 2450 565 2515 thoe
588 2470 645 2516 vos
668 2471 687 2515 a
708 2449 883 2535 primordio
904 2449 1134 2536 ingrediamini
1156 2449 1335 2536 dignitant

172 2556 290 2623 honore
308 2561 459 2642 tantaque
478 2560 583 2644 repert
583 2559 597 2620 i
570 2555 716 2622 tfelicit
702 2561 845 2622 teate
779 2560 845 2620 ute
871 2556 1003 2620 mitium
1014 2555 1105 2625 robis
1116 2560 1149 2620 st
1160 2553 1356 2641 finislegum

174 2662 289 2728 erudit'
266 2663 362 2727 tronis
385 2673 407 2726 η’
421 2681 498 2727 voce
516 2661 685 2747 principali
696 2661 854 2747 procedat.
890 2659 996 2748 Igitur
1007 2665 1079 2745 post
1090 2660 1189 2726 libros
1201 2661 1355 2745 quinqua·

175 2773 248 2854 gur
250 2788 268 2833 a
288 2768 487 2855 digestorum
509 2787 566 2831 seu
585 2767 830 2852 pandectarum,
852 2768 984 2852 inques
1003 2786 1096 2831 omne
1116 2767 1167 2830 ius
1186 2766 1356 2850 antiquum
1453 2836 1455 2838 ,

174 2872 330 2956 collatum
353 2877 400 2938 est
423 2874 514 2958 (quos
532 2893 589 2958 per
608 2871 746 2938 eundem
763 2873 872 2938 virum
885 2871 1045 2937 excelsum
1058 2868 1288 2936 Tribonianum
1298 2890 1356 2936 nec

176 2999 242 3044 non
267 2984 385 3044 ceteros
407 2976 493 3046 viros
515 2978 658 3044 illustres
681 2983 714 3044 st
736 2978 990 3044 facundissimos
1003 2977 1219 3062 confecimus),
1243 2978 1279 3040 in
1302 2975 1363 3040 hos

176 3089 327 3170 quattuor
352 3084 450 3150 libros
486 3084 612 3150 easdem
646 3085 862 3148 institutiones
896 3084 1009 3168 partiri
1039 3083 1209 3160 iussimus,
1233 3088 1271 3148 ut
1293 3082 1360 3146 sint

177 3191 278 3256 totius
319 3189 486 3278 legitimae
522 3192 672 3256 scientiae
705 3192 811 3275 prima
845 3188 1011 3254 elementa.
1060 3187 1184 3269 Quibus
1218 3188 1361 3255 breviter
1407 3209 1424 3253 a

176 3297 359 3382 expositum
389 3300 437 3362 est
465 3299 498 3362 st
523 3296 610 3382 'quod
641 3301 733 3362 antea
763 3295 939 3381 optinebat.
953 3299 986 3360 et
1013 3295 1097 3380 quod
1118 3300 1229 3380 postea
1250 3293 1361 3358 desue-

177 3401 532 3471 tudineinumbratum
553 3403 592 3468 ab
612 3400 774 3488 imperiali
791 3400 932 3466 remedio
943 3398 1166 3466 illuminatum
1178 3404 1233 3464 est
1256 3396 1358 3478 ,Ques
1402 3417 1423 3462 s

179 3529 220 3574 ex
243 3507 398 3580 omnibus.
415 3508 619 3592 antiquorum
641 3506 898 3574 institutionibus
917 3511 950 3571 et
969 3507 1137 3591 praecipue
1148 3526 1188 3572 ex
1199 3517 1362 3570 commen-

180 3614 278 3704 tariis
295 3609 370 3680 Gaii
383 3615 493 3684 ,nostri
515 3618 583 3678 tam
606 3615 855 3704 institutionum
871 3631 969 3697 quam
984 3631 1094 3677 rerum
1113 3610 1363 3677 cottidianarum

179 3718 314 3804 aliisque
335 3718 450 3792 multu
473 3721 710 3785 commentariis
734 3720 924 3804 compositas
947 3737 1022 3784 cum
1044 3722 1108 3782 tres
1132 3714 1287 3803 praedicti
1305 3714 1373 3780 virt

179 3824 349 3911 prudentes
370 3825 462 3897 nobis
485 3823 685 3912 optulerunt,
706 3830 739 3890 et
757 3823 898 3912 legimus
917 3829 950 3890 et
969 3825 1177 3911 cognovimus
1198 3826 1231 3887 at
1246 3819 1366 3906 plenis-

149 3986 152 4008 ,
179 3931 309 4000 simum.
323 3919 504 4004 uestrarum
527 3932 791 3997 constitutionum
814 3929 911 3995 robur
933 3931 979 3996 sis
1002 3928 1325 3995 accommodavimus.

226 4034 363 4110 Summa
383 4039 492 4122 itaque
514 4056 572 4124 ope
596 4041 629 4102 et
651 4035 748 4103 alacri
770 4035 876 4102 studio
899 4035 956 4102 has
978 4034 1066 4124 leges
1083 4038 1206 4100 nostras
1224 4031 1360 4118 accipite
1413 4053 1430 4101 ι

1376 4361 1386 4520 t
