3024 4574
586 1399 632 1488 L.
664 1399 704 1486 S.
735 1397 941 1486 uuluae.

202 1942 336 1997 Editurus
372 1943 526 2014 Syntagrna
560 1941 775 1996 Institutionum
808 1957 911 1995 novum
947 1941 1101 2012 principale
1130 1941 1200 1995 mihi
1228 1939 1360 2012 proposui

162 2046 300 2113 officium,
326 2049 361 2101 ut
387 2046 487 2101 Gaium
507 2045 625 2100 ederem.
664 2046 763 2116 Itaque
782 2063 799 2100 a
818 2048 915 2112 textu,
935 2063 1018 2115 quem
1040 2048 1183 2100 Iustiniani
1200 2047 1359 2102 Institutio·

168 2152 254 2206 nibus
274 2140 421 2207 constituit
440 2153 545 2207 Paulus
564 2151 702 2223 Krucger,
721 2151 774 2206 Vir
793 2152 843 2218 cl,
863 2152 1036 2224 paucissimis
1055 2156 1168 2208 tantum
1183 2154 1359 2224 locisexcep-

163 2257 218 2335 tis,
243 2275 299 2312 non
318 2256 427 2312 recessi.
466 2257 538 2311 Tum
559 2260 654 2312 autem
679 2258 777 2311 Gaium
796 2257 878 2312 edere
896 2259 988 2326 volni,
1008 2277 1063 2314 non
1084 2262 1210 2329 repetere
1229 2259 1358 2328 inquina-

164 2361 306 2416 tissimnm
325 2361 434 2416 mendis
454 2361 520 2417 eod.
540 2366 738 2420 veronensem.

202 2465 295 2536 Atque
319 2466 373 2521 hoc
397 2483 453 2521 non
478 2465 520 2520 ita
539 2465 615 2528 dico,
635 2464 715 2535 quasi
734 2465 904 2536 neglexerim
925 2466 999 2520 unici
1019 2465 1122 2520 codicis
1143 2445 1357 2532 anctoritatem,
1383 2497 1384 2500 =

164 2569 249 2639 idque
275 2589 350 2625 nunc
376 2570 566 2641 potissimum,
592 2574 742 2641 postquam
768 2570 923 2626 Guilelmus
950 2570 1125 2626 Studemund
1150 2571 1288 2626 indefesso
1308 2589 1357 2626 suo

163 2675 276 2742 labore,
301 2675 490 2746 singularique
510 2678 540 2730 et
559 2675 631 2729 mira
650 2693 713 2730 cum
733 2675 884 2746 prudentia
902 2663 967 2729 tum¹
984 2675 1121 2730 modestia
1140 2675 1222 2742 fecit,
1241 2678 1275 2730 ut
1294 2693 1358 2730 eum

164 2779 208 2833 ita
235 2796 478 2850 cognosceremus,
509 2783 542 2834 ut
573 2780 722 2835 mutilatus
753 2797 810 2835 non
835 2780 925 2852 magis
950 2783 1109 2850 temporum
1135 2781 1253 2847 iniuria,
1273 2799 1357 2850 quam

165 2884 311 2964 hominum
340 2885 516 2951 temeritate,
544 2884 601 2938 iam
631 2884 759 2956 cognosci
786 2888 888 2956 potest.
937 2885 1010 2940 Satis
1039 2885 1163 2956 prolecto
1193 2887 1358 2956 abundeque

164 2989 219 3043 viri
245 2989 321 3045 docti
347 2992 376 3044 et
396 3007 508 3060 sagaces
527 2990 557 3044 in
576 2991 637 3060 ipsc
657 2989 724 3045 Gaio
746 2991 913 3045 documenta
932 2990 1083 3057 dederunt,
1104 2990 1171 3059 quid
1192 2991 1283 3045 audax
1303 2992 1359 3047 ista
1455 3019 1457 3028 ι

165 3095 355 3166 effrenataque
374 3096 545 3162 coniciendi‚
565 3113 601 3150 an
620 3097 724 3150 rectius
741 3095 884 3150 divinandi
900 3094 1008 3162 dicam,
1024 3096 1121 3151 lubido
1138 3099 1240 3166 posset.
1259 3081 1358 3164 Itaque
1432 3091 1434 3096 ’

165 3200 294 3270 equidem
323 3217 413 3270 neque
442 3200 512 3255 mihi
541 3199 641 3254 Gaium
671 3201 811 3270 quendam
839 3201 900 3270 ips'e
927 3200 1098 3266 formabam,
1125 3200 1161 3255 ad
1181 3200 1259 3255 cuius
1279 3201 1358 3270 quasi

164 3303 292 3360 normam
319 3306 430 3377 singula
455 3322 581 3376 quaeque
605 3307 828 3374 contemnerem,
847 3322 937 3374 neque
957 3322 1037 3372 vero,
1057 3305 1107 3360 ubi
1126 3306 1294 3362 destitutum
1312 3324 1358 3361 ma

163 3409 295 3464 vidissem
314 3410 466 3466 ecaodicis
485 3410 637 3480 exploratis
657 3410 794 3480 certisque
812 3410 938 3482 vestigiis
958 3414 988 3466 et
1006 3414 1133 3466 veterum
1153 3412 1270 3467 testium
1288 3413 1358 3480 fide,

164 3513 357 3584 excogitabam
384 3515 464 3569 vanis
491 3514 657 3570 coniecturis
681 3516 876 3585 supplementa
901 3515 1005 3571 inania.
1045 3517 1099 3572 Sed
1117 3521 1183 3574 ante
1203 3518 1297 3574 omnia
1314 3518 1358 3573 in·

163 3619 331 3690 quirendum
357 3637 416 3675 esse
441 3621 591 3691 putabam,
614 3621 682 3690 quid
704 3637 800 3676 revera
824 3621 854 3675 in
875 3621 943 3677 Msc.
970 3622 1104 3694 scriptum
1130 3626 1264 3690 exstaret;
1285 3640 1357 3693 quae

162 3723 255 3796 prima
284 3728 327 3781 eet
355 3726 415 3780 eius
443 3726 512 3780 artis
540 3728 599 3792 lex,
628 3743 713 3796 quam
742 3743 839 3781 sanam
868 3727 993 3782 criticam
1012 3728 1149 3798 appellari
1168 3729 1244 3784 licet.
1272 3729 1358 3784 Cuius

162 3831 314 3901 praecepta
339 3849 402 3885 cum
428 3831 453 3885 is
478 3831 548 3885 mihi
573 3831 749 3899 tradidisset,
776 3833 821 3888 cui
842 3832 871 3886 in
893 3849 926 3886 ea
945 3835 1005 3888 arte
1026 3833 1072 3888 vix
1091 3834 1174 3904 pauci
1193 3852 1288 3890 eorum
1307 3835 1357 3904 qui

162 3953 240 3988 nnnc
263 3935 365 3991 vivunt
389 3938 465 3991 recte
492 3953 571 4008 pares
597 3939 749 4008 putantur,
776 3937 805 3993 C.
826 3937 858 3992 G.
879 3937 981 4005 Cobet,
1007 3939 1066 3994 fieri
1085 3957 1141 3995 non
1159 3940 1268 4011 potuit,
1288 3940 1357 4010 quin

163 4043 194 4096 et
218 4039 247 4094 in
270 4040 334 4108 illa,
355 4059 438 4110 quam
458 4041 576 4112 primam
595 4042 687 4113 legem
707 4042 779 4109 dixi,
800 4059 908 4112 semper
927 4044 1100 4112 recordarer,
1116 4024 1191 4114 quae
1211 4044 1357 4099 Menandri
