2964 4596
484 55 602 121 nau.
626 52 734 140 sper,
761 53 848 120 ce..
1220 52 1262 120 ar
1313 115 1315 118 ,

78 265 141 310 esse
170 243 382 330 intelligitur,
396 253 413 324 ΙΙ
426 243 523 310 donee
554 250 661 310 nostra
692 244 835 310 custodia
866 246 1062 320 coerceatur,
1089 265 1163 308 oum
1185 264 1261 312 rere
1321 246 1363 314 70
1436 272 1438 284 ¹

78 340 268 432 eustoldiam
299 355 440 414 nostram
466 353 601 415 evaserit
625 352 713 414 etin
736 349 916 414 naturalem
940 369 973 412 se
995 347 1189 430 liberitatem
1213 374 1260 417 re·
1272 374 1310 438 ep
1324 339 1409 422 ΒΨ)

77 457 196 540 ceperit
211 455 245 539 ¹),
278 477 385 520 rursus
409 457 592 540 occupantis
615 454 665 540 fit3
691 458 766 540 quia
785 453 907 534 nolstra
928 475 994 518 esse
1019 455 1123 520 desiit.
1159 457 1297 524 Natu-s

76 561 178 626 ralem
216 567 324 626 autem
363 561 545 626 libertatern
581 558 726 646 relcipere
762 561 909 638 ridetur,
951 581 1025 624 oum
1068 565 1124 624 aut
1153 564 1296 631 oculose

76 674 200 732 nostros
235 669 388 742 evaserit,
422 670 426 753 1
455 671 512 732 aut
546 667 622 733 licet
652 670 687 732 iu
717 672 886 752 conspeetu
917 668 960 730 sit
996 670 1119 742 nostro,
1154 673 1298 736 tamena

7 769 43 858 38)
75 775 108 836 in
130 773 135 859 Ι
157 771 345 859 relfuinlo]
361 774 386 856 ²)
414 775 465 837 sit.
510 771 550 836 lu
582 775 623 837 iis
652 779 761 838 autem
788 772 998 849 animalibus,
1021 792 1101 856 quae
1121 793 1159 837 ex
1179 777 1259 864 con-l
1285 797 1298 840 r

76 880 247 944 suetudine
279 878 366 944 abire
397 884 429 943 et
452 879 562 965 'redire
593 877 713 957 solent,
743 879 845 946 veluti
869 877 1026 943 columbis
1046 879 1051 962 Ι
1072 882 1104 942 et
1128 880 1258 962 apibus,
1283 901 1332 958 aa

76 987 159 1049 item
183 988 302 1062 cervis,
328 987 440 1070 quiin
464 984 561 1050 silvas
584 986 631 1049 ire
656 990 688 1050 et
712 985 814 1050 redire
835 983 965 1076 sotlent,
987 982 1086 1047 talem
1105 983 1297 1052 habemusro

75 1089 227 1177 regulam
251 1091 421 1168 traditam,
447 1095 500 1166 ut,
524 1093 552 1155 si
573 1091 764 1170 retvertendi
787 1092 932 1154 animum
957 1089 1071 1154 habere
1093 1088 1261 1172 desierint,
1275 1113 1298 1156 rr

76 1199 178 1260 etiam
213 1195 332 1285 nolstra
363 1217 429 1261 esse
460 1196 606 1261 desinant
636 1201 668 1260 et
692 1195 769 1260 fiant
798 1196 1038 1280 occupantium:
1071 1197 1346 1278 revertentdire,re

77 1308 190 1367 autem
215 1305 360 1367 animum
384 1302 535 1368 videntur
558 1300 699 1367 desinere
718 1301 849 1384 habere,
871 1322 945 1366 cum
965 1302 970 1385 1
991 1300 1172 1366 revertendi
1192 1322 1261 1367 con·
1274 1324 1299 1368 rr

76 1408 282 1472 suetudinem
306 1408 501 1472 deseruerint
516 1407 550 1490 ³).
573 1409 578 1492 Ι

79 3385 280 3395 ———.-.

110 3457 138 3527 ¹¹)
162 3473 242 3526 apag.
262 3455 378 3512 interior
397 3457 448 3512 etsi
468 3457 615 3527 pallidiore
634 3457 672 3512 sit
691 3456 841 3527 scriptura,
860 3457 941 3514 facile
961 3459 1092 3530 legitur''.

110 3547 141 3616 1)
163 3545 208 3601 C.:
229 3547 393 3616 perceperit.

111 3637 142 3705 2)
163 3636 208 3690 (λι
230 3635 347 3690 difficilis
366 3639 461 3691 tamen
480 3636 509 3690 in
529 3637 571 3692 rei
589 3637 754 3706 persecutio.
780 3637 912 3691 Huschke
931 3639 1051 3708 recepit,
1067 3639 1096 3692 id
1115 3639 1189 3709 quod
1203 3639 1274 3693 Iust.

69 3726 191 3794 praebet
207 3743 242 3780 ex
258 3714 311 3780 Gai
327 3727 376 3780 lib.
394 3727 429 3781 II.
447 3728 480 3780 R.
491 3727 522 3793 Q.
534 3729 562 3798 (l.
575 3729 590 3780 5
602 3727 636 3782 D.
646 3727 680 3780 41
690 3768 696 3792 ‚
708 3727 747 3796 5):
757 3726 875 3780 difficilis
886 3729 980 3782 tamen
991 3727 1049 3782 eius
1060 3729 1214 3798 persecutio
1226 3729 1271 3783 sit.

71 3815 145 3867 Mihi
166 3818 263 3870 autem
282 3816 443 3886 quaerenti,
460 3817 534 3871 unde
554 3817 624 3870 haee
644 3815 690 3870 »in
710 3816 768 3870 rei”
789 3820 851 3871 orta
871 3834 929 3872 esse
939 3819 1141 3888 potuerint,ea
1150 3819 1271 3872 maxime

72 3904 229 3974 probabilis
255 3907 315 3962 visa
341 3910 385 3961 est
409 3906 497 3972 ratio,
524 3907 548 3960 si
566 3907 596 3960 in
616 3905 660 3960 his
678 3907 822 3961 vocabulis
841 3907 992 3978 genuinam
1017 3907 1165 3980 lectionem
1184 3909 1273 3962 latere

74 3995 275 4063 statuerimus,
296 3999 407 4066 recepto
427 3997 511 4068 gloss.
533 3996 716 4066 deperditam.
751 4046 756 4058 Χ
1015 4003 1017 4007 ’

110 4085 141 4157 3)
162 4085 208 4141 O.:
229 4085 419 4142 desieruerint.
