2880 4614
216 27 283 96 288
569 49 653 100 msr.
676 29 735 98 III.
758 49 849 122 mr.
872 33 909 118 ξι
932 25 1055 99 8-13,

261 219 320 306 ls,
346 220 407 318 qui
434 222 635 320 exsequitur
659 222 884 313 mandatum,
910 251 984 295 nou
1002 222 1110 296 debet
1127 219 1298 293 excedere
1309 219 1400 294 liuese

213 332 380 406 mandati.
433 346 471 406 ot
502 361 586 406 ecce
612 337 642 406 si
667 338 748 434 quis
771 363 883 435 usque
908 337 953 408 ad
980 349 1123 408 centum
1148 360 1276 406 aureos
1301 360 1384 404 man·

212 443 349 516 daverit
374 443 459 533 tibi,
486 458 525 518 ut
549 446 700 520 fundum
727 475 862 522 emeres
887 450 945 522 vel
970 460 1009 520 ut
1030 476 1096 546 pro
1120 450 1222 520 Titio
1243 446 1384 544 sponde·
1434 463 1435 476 ³

213 585 289 649 res,
322 586 436 659 neque
471 561 583 658 pluris
610 587 726 634 emere
761 561 871 636 debes
898 589 1012 662 neque
1038 565 1077 633 in
1101 562 1310 659 ampliorem
1334 586 1386 656 pe·

211 674 351 744 cuniam
377 673 587 763 lideiubere,
614 675 771 774 alioquin
797 702 869 747 uon
894 675 1043 747 babebis
1070 703 1149 747 cum
1175 701 1219 747 eo
1240 672 1386 746 mandati

213 788 411 858 actionem:
446 788 535 861 adeo
569 788 734 887 quidem,
759 801 800 861 ut
823 789 961 862 Sabino
987 802 1023 861 et
1047 787 1176 862 Cassio
1201 787 1384 886 placuerit,

211 901 317 970 etiam
350 903 380 972 si
412 929 524 1002 usque
559 903 605 974 ad
640 913 780 975 centum
812 929 939 974 aureos
970 930 1050 975 cum
1081 929 1124 973 eo
1159 927 1266 1002 agere
1295 899 1385 986 velis,

208 1012 379 1085 inutiliter
406 1026 441 1088 te
472 1027 650 1096 acturum:
682 1017 841 1088 diversae
877 1015 1022 1088 scholae
1048 1026 1212 1086 auctores
1238 1023 1385 1084 rectete

208 1152 320 1223 usque
355 1129 399 1199 ad
435 1140 575 1200 centum
610 1155 736 1200 aureos
769 1141 927 1200 acturum
956 1131 1175 1200 existimant:
1202 1152 1293 1226 quae
1320 1152 1388 1196 sen·

209 1241 317 1316 tentia
353 1268 438 1313 senc
471 1241 661 1342 benignior
686 1254 750 1314 est.
802 1241 954 1342 quodsi
983 1244 1131 1312 minoris
1157 1241 1308 1326 emeris,
1336 1237 1387 1307 ba·

211 1349 314 1426 bebis
338 1355 475 1427 scilicet
501 1382 581 1426 cum
607 1382 649 1426 eo
672 1358 869 1443 actionem,
894 1357 1061 1455 quoniam
1087 1355 1148 1454 qui
1171 1351 1338 1438 mandat,
1358 1363 1389 1420 ut

208 1465 276 1536 sibi
310 1471 451 1538 centum
486 1495 671 1540 aureorum
706 1468 837 1541 fundus
861 1483 1057 1556 emeretur,
1084 1469 1115 1538 is
1140 1469 1261 1565 utique
1287 1491 1389 1534 mau-

209 1576 314 1650 dasse
337 1580 572 1681 intellegitur,
598 1593 638 1652 ut
661 1584 809 1654 minoris
832 1583 862 1654 si
886 1584 1000 1681 possit
1025 1591 1209 1654 emeretur.

258 1692 373 1764 Recte
409 1721 550 1793 quoque
581 1695 785 1766 mandatum
821 1705 1062 1789 contractum,
1089 1694 1140 1787 si,
1166 1691 1250 1762 dum
1276 1688 1404 1762 adbucr

206 1808 346 1905 integra
372 1833 429 1878 res
455 1808 521 1893 sit,
548 1818 751 1880 revocatum
778 1808 901 1901 fuerit,
922 1808 1118 1879 evanescit.
1155 1805 1246 1875 Item
1274 1804 1303 1874 si
1321 1801 1412 1874 ιιι-ι

206 1918 277 1992 buo
311 1921 450 2019 integro
480 1920 648 1992 mandato
678 1948 774 1993 mors
799 1921 1000 1992 alterutrius
1025 1921 1256 2013 interveniat,
1282 1917 1320 1988 id
1344 1927 1389 1986 est

210 2033 265 2104 vel
291 2035 365 2104 eius
390 2034 451 2130 qui
476 2033 718 2124 mandaverit,
745 2034 801 2106 vel
826 2035 900 2105 eius
926 2036 987 2132 qni
1008 2033 1212 2104 mandatum
1231 2054 1390 2125 suscepe-

207 2147 274 2238 rit,
300 2145 448 2218 solvitur
472 2145 688 2218 mandatum.
728 2147 790 2218 sed
812 2148 973 2218 utilitatis
994 2173 1100 2218 causa
1117 2155 1299 2243 receptum
1323 2154 1388 2234 est,

208 2261 238 2328 si
264 2270 403 2330 mortuo
430 2285 493 2353 eo,
519 2261 578 2357 qui
604 2259 670 2330 tibi
696 2260 935 2358 mandaverit,
960 2271 999 2330 tu
1026 2260 1198 2359 ignorans
1223 2253 1388 2329 eumde-

208 2374 357 2444 cessisse
381 2384 565 2444 exsecutus
589 2373 706 2445 fueras
732 2371 957 2468 mandatum,
982 2398 1086 2470 posse
1115 2385 1148 2445 te
1166 2397 1274 2472 agere
1290 2397 1390 2440 mau-

172 2561 173 2564 Ἴ
205 2483 279 2556 deti
305 2488 465 2558 actione:
489 2484 647 2583 alioquin
672 2488 763 2557 iusta
787 2496 823 2557 et
846 2484 1043 2582 probabilis
1066 2479 1269 2584 ignorantia
1291 2482 1390 2554 dum·

206 2624 289 2668 uum
325 2598 389 2670 tibi
422 2600 555 2670 afferat.
609 2610 643 2669 et
673 2598 756 2670 buic
792 2599 906 2670 simile
939 2609 1011 2687 est,
1044 2598 1141 2697 quod
1175 2597 1333 2695 placuit,
1366 2595 1390 2664 si

206 2709 386 2783 debitores
419 2715 635 2786 manumisso
669 2710 913 2809 dispensatore
948 2713 1039 2782 Titii
1068 2738 1132 2808 per
1156 2711 1389 2810 ignorantiam

206 2821 334 2896 liberto
370 2824 560 2919 solverint,
585 2825 729 2897 liberari
756 2843 840 2897 eos:
867 2852 947 2896 cum
973 2825 1132 2923 alioquin
1160 2825 1285 2896 stricta
1311 2823 1389 2891 iuris

207 2938 345 3008 ratione
381 2965 452 3008 nou
481 2950 632 3035 possent
645 3023 650 3026 ,
663 2937 828 3031 liberari,
862 2939 944 3035 quia
969 2939 1030 3008 alii
1055 2937 1264 3022 solvissent,
1291 2961 1389 3033 ιῙιιιιι

205 3051 263 3120 cui
289 3050 427 3122 solvere
453 3050 650 3125 debuerint.
700 3053 892 3118 Mandatum
909 3073 972 3118 non
991 3055 1148 3138 suscipere
1167 3052 1307 3117 liberum
1328 3055 1408 3114 ιιιει

210 3169 394 3251 susceptum
429 3171 538 3231 autem
573 3167 857 3233 consummandum
893 3172 949 3232 aut
980 3188 1076 3252 quam
1107 3168 1251 3252 primum
1282 3185 1387 3229 renuu-

209 3273 357 3344 tiendum
385 3276 446 3348 est,
479 3276 516 3336 ut
546 3278 601 3338 aut
632 3294 688 3357 per
717 3279 819 3338 semet
845 3275 951 3358 ipsum
976 3278 1032 3339 ιιιι
1055 3294 1111 3358 per
1134 3271 1237 3342 alium
1262 3271 1385 3336 eandem

208 3405 277 3450 rem
301 3379 469 3448 mandator
492 3384 690 3463 exsequatur.
726 3400 802 3443 nam
825 3381 888 3444 nisi
905 3382 952 3444 ita
973 3383 1193 3456 renuntietur,
1213 3394 1252 3442 ut
1270 3380 1386 3463 integra

164 3503 170 3516 “
209 3511 303 3556 causa
322 3485 503 3554 mandatori
522 3489 700 3550 reservetur
718 3485 850 3550 eandem
870 3505 938 3550 rem
957 3485 1154 3570 explicandi,
1172 3483 1277 3548 nihilo
1288 3484 1386 3547 minus
1436 3515 1438 3574 ι

208 3597 353 3661 mandati
385 3593 467 3658 actio
495 3589 602 3654 locum
634 3591 748 3668 hebet,
774 3593 837 3656 nisi
861 3593 889 3654 si
911 3593 996 3656 iuste
1019 3611 1113 3657 causa
1136 3591 1318 3655 intercessit
1340 3591 1385 3651 ιιι

208 3722 271 3766 non
295 3697 498 3768 renuntiandi
522 3702 579 3763 eut
601 3699 825 3783 intempestive
848 3697 1051 3762 renuntiandi

253 3806 389 3872 Mandat
375 3813 446 3871 tum
475 3808 507 3870 et
530 3805 564 3866 in
587 3803 673 3868 diem
697 3801 869 3868 differriet
892 3803 951 3868 sub
975 3803 1157 3868 condicione
1179 3802 1250 3868 fieri
1274 3807 1328 3889 pot
1315 3805 1378 3866 t.est
1390 3817 1405 3859 n

208 3911 248 3978 In
267 3933 395 3978 summe
414 3911 579 3976 sciendum
599 3914 647 3974 est
633 3909 797 3974 ttmanda
783 3915 867 3985 t‚um
889 3911 951 3973 nisi
970 3911 1150 3996 gratuitum
1170 3909 1382 3986 sitmeham
1392 3923 1407 3967 o

211 4019 348 4084 formem
379 4020 476 4104 negot
477 4019 503 4081 ii
462 4015 660 4081 teutdere
686 4035 762 4080 nem
784 4014 927 4080 mercede
951 4018 1122 4080 constituta
1145 4017 1262 4101 incipit
1284 4015 1383 4080 locatio

212 4128 244 4188 et
273 4123 417 4190 conduct
408 4142 440 4188 ιο
464 4139 541 4188 esse
588 4126 664 4185 otu
665 4119 892 4208 tgeneraliter
915 4120 1108 4188 dixerim·
1131 4121 1249 4207 quibus
1273 4121 1382 4187 casibus

1432 4355 1438 4587 1
