2934 4608
189 59 255 125 114
526 77 610 129 iuer.
633 58 674 124 Il.
698 77 766 124 xiv.
784 81 834 144 pr.
858 60 895 143 §5
908 57 1006 124 1-4,

185 250 340 316 Atilicino
370 246 525 332 placuisse
554 247 674 314 Paulus
703 248 769 312 suis
791 244 900 315 libris.
926 266 1003 330 quos
1027 253 1094 310 tam
1118 245 1157 310 ad
1181 245 1351 310 Masurium

186 355 341 420 Sabinum
372 373 465 437 quam
499 353 539 416 ad
568 352 732 417 Plautium
765 353 909 434 scripsit,
933 350 1043 420 ‚refert
1091 353 1235 434 proprius
1255 361 1352 414 autem
1412 345 1414 352 '

185 481 295 526 servus
323 461 420 524 etiam
444 460 470 522 is
494 457 711 544 intellegitur,
735 459 770 520 in
794 452 857 538 quo
877 455 997 520 nudam
1021 459 1247 540 proprietatem
1269 461 1355 520 testa·

177 571 236 648 tor
265 565 377 638 habet,
412 562 474 627 alio
505 583 600 628 usum
631 563 772 627 fructum
800 562 945 626 habente.
993 567 1173 626 astantem
1196 581 1302 636 casus,
1325 563 1355 623 in

185 690 248 754 quo
278 690 334 735 nec
364 689 435 734 cum
463 667 610 734 libertate
634 667 758 732 utiliter
781 685 890 732 servus
915 687 933 731 a
956 666 1085 732 domina
1108 667 1198 732 heres
1222 667 1355 730 institui·
1430 669 1433 756 t

184 779 254 851 tur,
278 778 317 837 ut
339 775 563 839 constitutione
587 774 736 839 divorum
755 771 865 837 Severi
886 778 919 836 et
938 774 1091 838 Antonini
1110 778 1257 854 cavetur,
1271 774 1356 835 cuius
1432 767 1433 770 ’

185 879 282 944 verba
303 879 380 942 haec
403 885 491 941 sunt:
518 878 665 944 ‘Servum
690 877 847 942 adulterio
871 877 1070 943 maculatum
1092 896 1154 941 non
1177 879 1246 940 iure
1271 882 1358 939 testa·

185 988 293 1048 mento
317 987 551 1048 manumissum
575 990 647 1048 ante
672 985 863 1047 sententiam
887 983 926 1046 ab
950 1002 987 1045 ea
1004 981 1139 1047 muliera
1151 981 1272 1063 videri,
1285 1000 1358 1064 quae
1432 1005 1433 1020 ¹

185 1109 238 1154 rea
267 1089 370 1154 fuerat
399 1089 542 1154 eiusdem
572 1089 715 1153 criminis
747 1087 922 1172 postulata,
937 1080 943 1086 ’
956 1089 1086 1152 rationis
1109 1092 1173 1150 est:
1198 1105 1296 1170 quare
1318 1107 1359 1150 se·

186 1197 313 1279 quitur,
345 1199 383 1258 ut
412 1196 446 1258 in
474 1195 610 1259 eundem
634 1215 652 1260 a
676 1195 806 1258 domina
829 1192 945 1258 collata
968 1196 1128 1258 institutio
1151 1189 1274 1256 nullius
1299 1211 1359 1256 mo·

185 1301 287 1364 menti
309 1299 485 1364 habeatur'.
532 1299 654 1365 alienus
685 1319 794 1364 servus
827 1301 925 1363 etiam
953 1301 982 1362 is
1004 1297 1218 1384 intellegitur,
1245 1299 1280 1361 in
1305 1317 1360 1380 quo

184 1426 280 1471 usum
311 1405 451 1470 fructum
481 1412 611 1472 testator
635 1407 741 1470 habet.
789 1402 923 1474 Servus
949 1414 1064 1473 autem
1091 1428 1111 1473 a
1137 1400 1281 1470 ‹lominc
1303 1425 1379 1473 suoi

184 1512 286 1584 heres
311 1517 511 1608 institutus,
539 1503 568 1586 si
594 1515 736 1613 quidem
763 1516 800 1583 in
826 1512 949 1584 eadem
977 1539 1080 1583 eausa
1108 1513 1300 1598 manserit,
1327 1510 1363 1579 fit

182 1650 225 1696 ex
251 1637 461 1698 testamento
486 1628 577 1698 liber
602 1628 775 1723 heresque
801 1627 1031 1696 necessarius.
1078 1625 1108 1693 si
1135 1649 1216 1693 vero
1241 1650 1262 1693 a
1285 1625 1363 1693 vivo

183 1749 352 1810 testatore
378 1743 613 1810 manumissus
639 1739 766 1826 fuerit,
793 1733 862 1808 suo'
885 1736 1030 1808 arbitrio
1059 1735 1156 1806 adire
1178 1735 1364 1804 heredita-

181 1863 252 1922 tem
279 1861 406 1946 potest,
441 1856 515 1938 quia
535 1873 597 1919 non
616 1852 652 1916 fit
670 1855 878 1927 necessarius,
898 1872 971 1915 cum
992 1856 1164 1934 utrumque
1183 1869 1221 1913 ex
1242 1849 1361 1913 domini

184 1970 374 2031 testamento
403 1985 466 2032 non
496 1967 706 2049 consequitur.
753 1960 891 2054 Quodsi
926 1961 1098 2032 alienatus
1132 1959 1238 2029 l'uerit
1268 1961 1363 2029 iussu

185 2077 267 2145 novi
301 2074 435 2144 domini
470 2076 567 2146 adire
602 2073 832 2145 hereditatem
866 2072 973 2144 dehet
1006 2084 1042 2143 et
1074 2098 1114 2142 ca
1141 2073 1277 2142 ratione
1305 2097 1363 2166 per

181 2213 261 2256 eum
295 2185 459 2258 dominus
493 2186 534 2258 fit
568 2186 689 2257 heres:
725 2213 805 2256 nam
836 2187 911 2282 ipse
938 2185 1110 2255 alienatus
1136 2209 1249 2280 neque
1275 2182 1363 2254 liber

183 2325 298 2396 neque
323 2298 425 2370 heres
452 2327 529 2371 esse
548 2311 681 2396 potest,
701 2301 837 2369 etiamsi
857 2325 937 2369 cum
956 2297 1118 2368 libertate
1139 2295 1239 2367 heres
1258 2297 1363 2367 insti·

181 2421 275 2482 tutus
307 2411 431 2482 suerit:
467 2412 644 2483 destitisse
679 2415 773 2482 enim
808 2438 829 2480 a
860 2410 1033 2496 libertatis
1057 2407 1200 2479 datione
1227 2408 1365 2479 videtur

179 2524 364 2610 dominus,
400 2529 456 2610 qui
479 2548 554 2593 eum
578 2523 741 2593 alienavit.
791 2524 927 2594 alienus
954 2545 1094 2619 qnoque
1117 2547 1238 2591 servus
1262 2520 1364 2593 heres

180 2637 361 2707 institutus
387 2638 417 2707 si
443 2639 480 2706 in
506 2637 628 2707 eudem
655 2662 761 2706 causa
783 2636 981 2726 duraverit,
999 2636 1095 2704 iussu
1113 2631 1248 2704 domini
1267 2634 1364 2705 adire

182 2746 413 2818 hereditatem
440 2747 556 2821 dehet.
608 2747 649 2818 Si
677 2773 760 2818 vero
787 2746 960 2817 alienatus
986 2746 1092 2816 suerit
1115 2758 1175 2816 aut
1194 2748 1274 2816 vivo
1294 2759 1365 2818 tes·

179 2870 295 2931 tatere
322 2869 382 2930 aut
405 2870 486 2956 pust
510 2870 658 2929 mortem
685 2861 760 2928 eius
784 2847 971 2954 antequam
998 2856 1120 2949 adeat,
1145 2854 1251 2928 dehet
1268 2859 1366 2928 iussu

182 2973 266 3043 novi
299 2972 435 3042 domini
470 2967 578 3040 adire.
630 2980 667 3039 at
695 2957 733 3040 si'
751 2971 986 3040 manumissus
1012 2979 1066 3040 est
1090 2969 1171 3040 vivo
1196 2980 1364 3041 testatore

175 3083 233 3155 vel
267 3095 405 3155 mortuo
440 3095 627 3180 antequam
653 3081 772 3176 adeat,
801 3107 864 3152 suo
889 3080 1035 3153 arbitrio
1061 3080 1159 3151 adire
1184 3079 1366 3152 heredita·

179 3205 251 3266 tem
277 3207 404 3291 potest

228 3307 347 3375 Servus
387 3310 509 3377 alienus
550 3314 622 3394 post
660 3308 783 3373 domini
823 3312 960 3372 mortem
994 3312 1079 3372 recte
1111 3307 1202 3372 heres
1224 3309 1383 3372 institui-a

180 3419 253 3490 tur,
285 3416 359 3500 quia
397 3421 429 3481 et
467 3435 541 3481 cum
580 3414 781 3480 hereditariis
816 3414 915 3478 servis
950 3417 997 3476 est
1031 3415 1216 3476 testamenti
1249 3412 1362 3477 factio:

181 3520 322 3585 nondum
340 3523 425 3585 enim
445 3520 531 3585 adita
549 3519 706 3584 hereditas
725 3538 874 3603 personae
885 3519 991 3583 vicem
1003 3519 1153 3594 sustinet,
1166 3536 1229 3581 non
1240 3517 1364 3581 heredis

183 3625 302 3702 futuri,
339 3625 392 3690 sed
428 3625 586 3701 defuncti,
616 3644 690 3689 cum
722 3629 755 3688 et
785 3625 871 3698 eius,
905 3624 960 3707 qui
990 3623 1025 3685 in
1056 3627 1145 3687 utero
1169 3627 1230 3698 est,
1254 3641 1362 3686 seruus

183 3736 267 3795 recte
289 3729 379 3795 heres
401 3731 592 3794 instituitur.
628 3727 746 3794 Servus
769 3727 927 3814 plurium,
950 3747 1024 3791 cum
1044 3726 1160 3810 quibus
1178 3727 1380 3791 testamentis

182 3835 278 3899 factio
307 3839 371 3910 est,
404 3835 443 3898 ab
474 3840 621 3898 extraneo
643 3836 812 3898 institutus
835 3833 924 3898 heres
947 3834 1118 3916 unicuique
1141 3831 1357 3912 dominorum,

181 3942 272 4004 cuius
302 3942 392 4003 iussu
422 3939 551 4013 adierit,
575 3940 797 4023 proportione
821 3939 955 4002 dominii
978 3937 1117 4021 adquirit
1140 3936 1356 4001 hereditatem.

225 4043 268 4110 ut
297 4064 400 4108 unum
430 4042 592 4109 hominem
621 4056 653 4108 et
675 4042 782 4128 plures
805 4047 840 4108 in
861 4041 1041 4121 infinitum,
1066 4047 1143 4128 quot
1164 4044 1236 4127 quis
1259 4041 1374 4118 velita
1430 4067 1431 4136 p
