2934 4608
158 27 202 94 88
539 42 624 93 ruer.
648 27 690 93 ΙΙ.
712 45 783 92 x111.
795 27 831 112 ἧς
844 25 942 91 4-7.

154 218 378 302 exposuimus:
404 216 616 313 emancipati
647 238 731 284 vero
758 239 778 284 a
804 224 903 309 patre
928 213 1095 312 adoptivo
1120 240 1236 312 neque
1260 215 1335 287 iure

91 367 94 374 ¹
145 327 250 417 civili
271 352 385 424 neque
411 326 507 424 quod
534 326 580 398 ad
606 325 760 397 edictum
785 328 956 422 praetoris
983 329 1108 398 attinet
1129 329 1221 399 inter
1239 327 1334 399 libe·

152 465 212 510 ros
238 449 465 515 numerantur
530 467 599 537 qua
624 440 760 513 ratione
779 437 933 528 accidit,
959 450 998 511 ut
1016 466 1059 512 ex
1078 441 1218 512 diverso
1237 438 1332 535 quod

156 550 203 622 ad
236 553 431 624 naturalem
463 563 644 649 parentem
671 552 811 640 attinet,
839 551 1007 648 quamdiu
1032 554 1174 652 quidem
1201 555 1333 625 sintin

155 663 321 761 adoptiva
356 664 512 759 l'amilia,
546 675 792 736 extraneorum
825 690 971 736 numero
996 666 1210 761 habeantur,
1235 675 1274 734 nt
1296 688 1348 734 eos

155 799 257 864 neque
291 778 421 844 heredes
454 782 623 846 instituere
656 795 758 864 neque
793 778 981 846 exheredare
1015 801 1139 848 neeesse
1163 784 1212 848 sit.
1254 808 1334 853 enm

155 917 240 963 vero
286 891 496 988 emancipati
544 893 675 963 fuerint
714 890 771 962 abr
798 891 965 989 adoptivo
1004 907 1124 993 patre,
1156 907 1240 965 tunc
1274 896 1334 964 in·

155 1006 290 1101 cipiunt
314 1005 351 1073 in
378 1029 418 1074 aa
446 1030 550 1076 eausa
578 1031 675 1098 esse,
700 1006 737 1074 in
760 1031 828 1102 qua
851 1006 958 1078 futuri
980 1019 1119 1103 essent,
1137 1009 1167 1079 si
1190 1007 1234 1078 ab
1258 1009 1335 1104 ipso

103 1121 108 1156 ·’
156 1117 308 1188 naturali
340 1127 439 1212 patre
474 1118 685 1214 emancipati
717 1117 880 1187 fuissent.
929 1123 992 1192 Sed
1020 1123 1098 1188 baec
1120 1127 1264 1189 vetustas
1285 1124 1355 1188 ins

157 1232 353 1298 troducebat.
400 1239 507 1297 nostra
537 1252 611 1298 vero
646 1233 831 1297 const'tutio
859 1234 942 1297 inter
965 1229 1123 1295 masculos
1146 1235 1178 1294 et
1200 1230 1335 1294 feminas

156 1340 189 1403 in
214 1339 272 1402 hoc
294 1341 363 1402 iure
387 1335 470 1401 nihil
493 1340 644 1402 interesse
667 1337 872 1420 existimans,
897 1339 971 1422 quia
994 1341 1129 1420 utraque
1151 1355 1283 1421 persona
1300 1335 1336 1398 in

139 1444 327 1509 ¹'bominum
350 1445 565 1528 procreatione
592 1441 740 1508 similiter
763 1449 895 1508 naturae
913 1441 1015 1507 officio
1039 1441 1186 1528 fungitur
1209 1445 1241 1505 et
1264 1440 1336 1526 lege

159 1553 290 1633 antiqua
324 1548 491 1614 duodecim
523 1548 707 1614 tabularum
741 1568 850 1614 omnes
881 1547 1031 1614 similiter
1063 1547 1102 1612 ad
1125 1547 1337 1611 successiones

159 1655 197 1720 ab
217 1657 381 1720 'intestato
407 1640 622 1732 uocabantur,
653 1654 737 1739 quod
767 1660 799 1719 et
827 1659 987 1740 praetores
1012 1657 1122 1738 postea
1144 1654 1247 1717 secuti
1270 1671 1337 1715 essa

158 1761 324 1837 uidentur,
359 1761 430 1825 ideo
462 1759 599 1846 simplex
626 1781 661 1825 ao
685 1759 792 1825 simile
815 1762 865 1825 ins
888 1763 919 1824 et
943 1761 976 1824 in
999 1756 1076 1822 filiis
1099 1763 1131 1822 et
1153 1759 1188 1822 in
1210 1755 1337 1822 filiabus

138 1869 192 1930 ‘et
222 1867 256 1928 in
290 1867 399 1933 ceteris
432 1865 693 1930 descendentibus
724 1886 780 1950 per
810 1865 938 1956 ¹virilem
971 1886 1083 1929 sexum
1110 1866 1250 1948 personis
1272 1882 1338 1928 non

158 1969 264 2036 solum
293 1973 395 2058 natis,
428 1971 482 2036 sed
515 1974 613 2036 etiam
643 1975 801 2057 postumia
831 1972 1026 2048 introduxit,
1060 1974 1097 2034 nt
1120 1990 1246 2046 omnes,
1269 1970 1338 2034 sive

160 2078 211 2140 sni
230 2077 297 2139 sive
318 2078 508 2162 emancipati
530 2082 621 2153 sunt,
640 2083 672 2142 et
692 2080 885 2143 nominatim
905 2077 1134 2143 exheredantur
1155 2081 1187 2140 et
1200 2075 1338 2140 eundem

141 2175 297 2246 'habeant
321 2181 467 2246 effectum
489 2184 568 2246 circa
594 2181 782 2249 testamenta
805 2188 974 2268 parentum
996 2203 1126 2247 suornm
1147 2179 1337 2246 infirmanda

159 2291 192 2351 et
222 2285 432 2351 hereditatem
463 2288 689 2366 truserendam,¹
714 2310 809 2374 quem
832 2287 894 2354 filii
916 2291 967 2353 sni
989 2286 1042 2353 vel
1067 2289 1259 2373 emancipati
1279 2287 1337 2352 ba·

159 2391 253 2469 bant,
284 2394 350 2456 sive
374 2393 440 2456 iam
463 2395 531 2457 nati
554 2398 629 2459 sunt
651 2396 718 2460 sive
742 2394 844 2459 adhuc
867 2395 901 2458 in
924 2398 1014 2459 utero
1039 2395 1206 2458 constituti
1227 2397 1338 2477 postea

159 2499 230 2562 nati
249 2502 333 2562 sunt.
370 2500 452 2562 circa
472 2498 637 2584 adoptivos
657 2504 764 2564 autem
784 2505 902 2564 certam
921 2499 1109 2563 induximus
1125 2498 1335 2574 divisionem,

161 2623 241 2688 quae
265 2605 485 2668 oonst'tntioni
507 2601 648 2682 nostrae,
675 2625 770 2690 quam
794 2625 889 2690 super
912 2605 1071 2691 adoptivis
1090 2602 1243 2680 tulimus,
1265 2623 1338 2668 con·

159 2711 290 2773 tinetur.
339 2707 401 2773 Sed
423 2711 452 2773 si
471 2710 669 2794 expeditione
689 2715 860 2796 occupatus
880 2711 975 2776 miles
993 2715 1223 2776 testamentum
1239 2709 1364 2774 saciata

162 2818 194 2878 et
221 2813 337 2879 liberos
368 2835 441 2878 snos
469 2816 536 2880 iam
566 2820 657 2880 natos
687 2816 738 2882 vel
753 2821 923 2901 postumus
946 2817 1136 2881 nominatim
1160 2833 1223 2879 non
1246 2814 1340 2879 exhe-

162 2919 338 2997 redaverit,
373 2919 429 2983 sed
452 2919 578 2988 silentio
602 2912 800 3005 praeterierit
822 2941 884 2986 non
907 2924 1074 3009 ignorans,
1099 2941 1138 2986 an
1162 2921 1277 2986 habeat
1301 2919 1340 2984 li-

159 3025 269 3101 beros,
295 3025 471 3090 silentium·
484 3027 552 3089 eius
566 3044 631 3114 pro
650 3025 894 3101 exheredatione
916 3030 1108 3092 nominatim
1128 3028 1213 3093 facta
1231 3026 1339 3093 valere

161 3132 440 3196 constitutionibus
462 3132 644 3216 principum
668 3139 797 3197 cantum
822 3138 878 3197 est.
924 3133 1031 3199 Mater
1049 3132 1102 3199 vel
1122 3154 1201 3200 avus
1220 3138 1367 3200 mater-x

162 3258 222 3302 nus
252 3257 378 3302 necesse
401 3256 463 3301 non
485 3235 604 3302 habent
626 3236 742 3303 liberos
765 3259 837 3304 suos
862 3245 917 3304 ant
940 3239 1070 3305 heredes
1091 3241 1259 3305 instituere
1284 3245 1342 3306 aut

164 3342 369 3420 exheredare,
402 3343 457 3408 sed
480 3347 616 3426 'possunt
644 3362 696 3408 eos
728 3346 886 3412 omittere.
932 3367 1007 3412 nam
1037 3345 1203 3412 silentium
1226 3348 1343 3413 matris

161 3453 218 3514 aut
247 3448 299 3514 avi
322 3450 459 3514 materni
483 3453 740 3534 caeterorumque
763 3472 820 3535 per
843 3457 980 3517 matrem
1006 3453 1246 3520 ascendentium
1270 3458 1343 3518 tan·

161 3554 346 3638 tum‚facit,
368 3559 524 3639 quantum
545 3555 745 3620 exheredatio
764 3559 875 3641 patris.
906 3562 1113 3644 nequeenim
1126 3561 1225 3624 matri
1236 3557 1344 3624 filium

162 3657 305 3726 filiamve
328 3681 429 3745 neque
453 3680 513 3744 avo
536 3667 680 3725 materno
702 3667 851 3746 nepotem
871 3671 1041 3750 septemve
1062 3687 1100 3732 ex
1119 3663 1203 3746 lilia,
1225 3667 1344 3730 sicum

162 3785 274 3831 eamve
306 3763 455 3831 heredem
483 3786 545 3832 non
569 3767 736 3844 instituat,
760 3769 949 3836 exheredare
972 3792 1098 3838 necesse
1121 3777 1188 3855 est,
1212 3773 1281 3836 sive
1305 3769 1343 3835 de

161 3872 232 3936 inre
256 3872 346 3938 civili
370 3892 575 3957 quaeramus,
600 3874 668 3938 sive
692 3874 730 3939 de
754 3874 856 3940 edicto
880 3881 1050 3961 praetoris,
1076 3899 1138 3964 quo
1161 3879 1345 3964 praeteritis

160 3973 270 4042 liberis
303 3984 411 4044 contra
446 3978 571 4044 tabulas
607 3979 761 4044 bonorum
796 3986 1024 4066 possessionem
1059 3987 1232 4071 promittit.
1290 3983 1348 4049 sed
