2934 4608
198 36 242 103 90
499 55 583 105 ruer.
596 37 636 105 11.
661 59 731 106 mu.
755 38 817 125 57.
842 59 919 106 xvu.
933 41 969 124 ἓξ
984 39 1060 124 1,2.

169 263 171 280 ι
198 225 287 293 aliud
319 229 364 292 eis
394 227 627 294 adminiculum
650 231 810 306 servatur,
839 228 922 313 quod
945 228 1041 314 paulo
1063 235 1137 315 post
1159 232 1251 297 vobis
1274 234 1375 297 mani-

197 334 316 398 festum
340 330 443 417 fiat1).
569 383 572 392 .

553 571 555 580 .
737 522 842 590 xvii.

367 674 502 766 oureus
521 675 640 735 uoois
660 653 914 736 uesuirmum
934 677 1211 740 INFIRMANTUR.

126 819 128 824 ¹
187 817 190 822 ¹
244 815 486 903 Testamentum
517 839 586 905 iuro
617 837 738 902 factum
770 837 1062 921 usque-eovalet,
1090 839 1187 905 donee
1209 844 1378 924 rumpatur

197 939 368 1006 irritumve
388 937 463 1008 iat.
510 941 684 1028 Rumpitur
713 948 820 1008 autem
844 948 1088 1028 testamentum,
1112 966 1186 1012 oum
1207 947 1242 1010 in
1266 946 1399 1011 eodemr

199 1051 286 1112 statu
308 1053 455 1112 manente
478 1052 629 1113 testatore
652 1051 753 1134 ipsius
777 1051 959 1114 testamenti
982 1052 1033 1114 ius
1055 1052 1199 1116 vitiatur.
1247 1051 1278 1119 si
1303 1051 1382 1146 quis

197 1158 291 1227 enim
318 1167 399 1254 post
421 1157 552 1229 iactum
574 1168 823 1230 testamentum
850 1160 1071 1258 adoptaverit
1091 1161 1158 1232 sibi
1184 1160 1296 1230 filium
1322 1185 1379 1248 per

198 1273 422 1356 imperatorem
461 1297 560 1363 eum,
600 1273 662 1369 qui
693 1273 747 1343 sui
781 1275 866 1344 iuris
904 1284 977 1366 est,
1016 1284 1076 1345 aut
1112 1296 1167 1360 per
1200 1280 1377 1360 praetorem

200 1384 374 1448 seeundum
418 1390 559 1451 nostram
605 1389 863 1452 constitutionem
902 1411 999 1478 eum,
1036 1387 1096 1484 qui
1134 1388 1172 1455 in
1205 1397 1381 1483 potestate

197 1498 354 1592 parentis
391 1496 517 1591 fuerit,
545 1507 791 1569 testamentum
820 1497 892 1569 eius
920 1499 1092 1596 rumpitur
1117 1502 1219 1596 quasi
1244 1499 1380 1598 adgna-

200 1610 295 1680 tione
331 1611 385 1680 sui
417 1608 570 1683 heredis.
619 1611 825 1681 Posteriore
861 1637 1001 1709 quoque
1027 1622 1256 1707 testamento,
1282 1613 1410 1710 quode

198 1723 273 1792 iure
306 1721 501 1818 perfeetum
537 1735 609 1817 est,
639 1725 797 1819 superius
820 1724 1001 1820 rumpitur.
1053 1750 1118 1796 neo
1145 1727 1307 1816 interest,
1333 1753 1380 1796 eu

200 1835 352 1906 extiterit
381 1833 508 1932 aliquis
533 1833 636 1906 heres
663 1863 704 1906 ex
733 1863 797 1931 eo,
822 1863 867 1906 au
896 1863 966 1906 nou
993 1839 1163 1908 extiterit:
1188 1836 1257 1909 hoe
1284 1841 1381 1908 enirn

195 1946 314 2017 ¹solum
347 1957 526 2042 spectatur
536 1996 549 2035 ,
585 1975 630 2018 au
657 1949 776 2046 aliquo
803 1975 886 2021 casu
912 1951 1060 2021 existere
1085 1953 1248 2048 potuerit.
1281 1948 1381 2022 ideo-

200 2085 269 2156 que
295 2061 324 2129 si
351 2061 430 2156 quis
456 2068 515 2130 aut
537 2059 689 2132 uoluerit
708 2060 810 2134 heres
833 2088 909 2134 esse
916 2113 927 2155 7
949 2073 1009 2135 aut
1027 2065 1112 2136 vivo
1130 2074 1297 2135 testatore
1320 2075 1385 2135 aut

192 2183 277 2270 post
300 2184 449 2242 mortem
478 2172 552 2242 eius
578 2185 765 2272 antequam
784 2174 1013 2248 hereditatem
1033 2177 1148 2248 adiret
1166 2177 1378 2266 decesserit,

224 3968 251 4036 l)
271 3968 326 4023 Tit.
353 3969 418 4025 XIV
443 3971 549 4028 videbis
574 3975 647 4029 inira
672 3975 831 4046 oppositum
858 3975 910 4030 Gai
936 3977 988 4046 ξὲῑ·
1010 3977 1169 4042 185-190,
1189 3978 1236 4032 tit.
1258 3979 1313 4037 XV
1335 3983 1389 4039 Gai

182 4054 236 4124 §§¹·
257 4057 419 4128 174-178,
440 4060 487 4117 tit.
507 4063 572 4117 XVI
592 4063 643 4118 Gai
664 4065 716 4134 ξξῖ·
738 4065 892 4120 lte-184.
