<?xml version="1.0" encoding="UTF-8"?>
<!DOCTYPE html PUBLIC "-//W3C//DTD XHTML 1.0 Transitional//EN"
    "http://www.w3.org/TR/xhtml1/DTD/xhtml1-transitional.dtd">
<html xmlns="http://www.w3.org/1999/xhtml" xml:lang="en" lang="en">
 <head>
  <title>
</title>
<meta http-equiv="Content-Type" content="text/html;charset=utf-8" />
  <meta name='ocr-system' content='tesseract 3.04.00' />
  <meta name='ocr-capabilities' content='ocr_page ocr_carea ocr_par ocr_line ocrx_word'/>
</head>
<body>
  <div class='ocr_page' id='page_1' title='image "./syntagmainstitu01studgoog_0025.png"; bbox 0 0 3024 4574; ppageno 0'>
   <div class='ocr_carea' id='block_1_1' title="bbox 234 1293 1314 1396">
    <p class='ocr_par' dir='ltr' id='par_1_1' title="bbox 234 1293 1314 1396">
     <span class='ocr_line' id='line_1_1' title="bbox 234 1293 1314 1396; baseline 0.004 -4"><span class='ocrx_word' id='word_1_1' title='bbox 234 1299 658 1393; x_wconf 80' lang='lat' dir='ltr'>INSTITUTIONUM</span> <span class='ocrx_word' id='word_1_2' title='bbox 685 1300 734 1391; x_wconf 84' lang='grc' dir='ltr'>Ι).</span> <span class='ocrx_word' id='word_1_3' title='bbox 764 1301 1061 1394; x_wconf 70' lang='lat' dir='ltr'>rusulum-Nl</span> <span class='ocrx_word' id='word_1_4' title='bbox 1089 1303 1194 1392; x_wconf 88' lang='lat' dir='ltr'><strong>LIB.</strong></span> <span class='ocrx_word' id='word_1_5' title='bbox 1224 1302 1245 1389; x_wconf 92' lang='lat' dir='ltr'>I</span> <span class='ocrx_word' id='word_1_6' title='bbox 1261 1293 1314 1396; x_wconf 75' lang='lat'>¹⁶)-</span> 
     </span>
    </p>
   </div>
   <div class='ocr_carea' id='block_1_2' title="bbox 553 1599 982 1810">
    <p class='ocr_par' dir='ltr' id='par_1_2' title="bbox 553 1599 982 1810">
     <span class='ocr_line' id='line_1_2' title="bbox 764 1599 790 1666; baseline 0 0"><span class='ocrx_word' id='word_1_7' title='bbox 764 1599 790 1666; x_wconf 93' lang='lat' dir='ltr'>I.</span> 
     </span>
     <span class='ocr_line' id='line_1_3' title="bbox 553 1748 982 1810; baseline -0.002 -2"><span class='ocrx_word' id='word_1_8' title='bbox 553 1749 604 1808; x_wconf 84' lang='lat' dir='ltr'>DE</span> <span class='ocrx_word' id='word_1_9' title='bbox 625 1749 796 1810; x_wconf 80' lang='lat' dir='ltr'>IUSTI&#39;I&#39;IA</span> <span class='ocrx_word' id='word_1_10' title='bbox 815 1749 864 1809; x_wconf 76' lang='lat' dir='ltr'>nu</span> <span class='ocrx_word' id='word_1_11' title='bbox 881 1748 982 1808; x_wconf 81' lang='lat' dir='ltr'><strong>IURE.</strong></span> 
     </span>
    </p>
   </div>
   <div class='ocr_carea' id='block_1_3' title="bbox 103 1918 1493 3272">
    <p class='ocr_par' dir='ltr' id='par_1_3' title="bbox 183 1918 1420 2226">
     <span class='ocr_line' id='line_1_4' title="bbox 229 1918 1365 2007; baseline -0.002 -23"><span class='ocrx_word' id='word_1_12' title='bbox 229 1918 358 1985; x_wconf 77' lang='lat' dir='ltr'>Iustitia</span> <span class='ocrx_word' id='word_1_13' title='bbox 389 1923 438 1984; x_wconf 89' lang='lat' dir='ltr'>est</span> <span class='ocrx_word' id='word_1_14' title='bbox 467 1925 613 1986; x_wconf 80' lang='lat' dir='ltr'><strong>constans</strong></span> <span class='ocrx_word' id='word_1_15' title='bbox 645 1926 676 1986; x_wconf 91' lang='lat' dir='ltr'>et</span> <span class='ocrx_word' id='word_1_16' title='bbox 706 1926 860 2007; x_wconf 82' lang='lat' dir='ltr'>perpetua</span> <span class='ocrx_word' id='word_1_17' title='bbox 888 1919 1036 1986; x_wconf 80' lang='lat' dir='ltr'>voluntas</span> <span class='ocrx_word' id='word_1_18' title='bbox 1056 1920 1108 1985; x_wconf 82' lang='lat' dir='ltr'>ins</span> <span class='ocrx_word' id='word_1_19' title='bbox 1132 1939 1228 1985; x_wconf 90' lang='lat' dir='ltr'>snum</span> <span class='ocrx_word' id='word_1_20' title='bbox 1251 1918 1365 2002; x_wconf 85' lang='lat' dir='ltr'>cuique</span> 
     </span>
     <span class='ocr_line' id='line_1_5' title="bbox 185 2022 1420 2113; baseline -0.001 -24"><span class='ocrx_word' id='word_1_21' title='bbox 185 2025 341 2091; x_wconf 87' lang='lat' dir='ltr'>tribuens.</span> <span class='ocrx_word' id='word_1_22' title='bbox 387 2022 638 2113; x_wconf 87' lang='lat' dir='ltr'>Iurisprudentio</span> <span class='ocrx_word' id='word_1_23' title='bbox 673 2033 721 2093; x_wconf 90' lang='lat' dir='ltr'>est</span> <span class='ocrx_word' id='word_1_24' title='bbox 751 2027 933 2093; x_wconf 81' lang='lat' dir='ltr'>divinarum</span> <span class='ocrx_word' id='word_1_25' title='bbox 963 2029 1058 2110; x_wconf 79' lang='lat' dir='ltr'>atque</span> <span class='ocrx_word' id='word_1_26' title='bbox 1079 2025 1293 2090; x_wconf 81' lang='lat' dir='ltr'>humanorum</span> <span class='ocrx_word' id='word_1_27' title='bbox 1315 2044 1363 2088; x_wconf 90' lang='lat' dir='ltr'>re·</span> <span class='ocrx_word' id='word_1_28' title='bbox 1407 2043 1420 2089; x_wconf 76' lang='lat' dir='ltr'>r</span> 
     </span>
     <span class='ocr_line' id='line_1_6' title="bbox 183 2133 937 2226; baseline 0 -31"><span class='ocrx_word' id='word_1_29' title='bbox 183 2151 259 2226; x_wconf 88' lang='lat' dir='ltr'>rum</span> <span class='ocrx_word' id='word_1_30' title='bbox 282 2133 417 2210; x_wconf 78' lang='lat' dir='ltr'>notitia,</span> <span class='ocrx_word' id='word_1_31' title='bbox 440 2134 520 2198; x_wconf 90' lang='lat' dir='ltr'>iusti</span> <span class='ocrx_word' id='word_1_32' title='bbox 542 2138 637 2219; x_wconf 83' lang='lat' dir='ltr'>utque</span> <span class='ocrx_word' id='word_1_33' title='bbox 659 2135 774 2199; x_wconf 87' lang='lat' dir='ltr'>iniusti</span> <span class='ocrx_word' id='word_1_34' title='bbox 797 2133 937 2198; x_wconf 73' lang='lat' dir='ltr'>scientio</span> 
     </span>
    </p>

    <p class='ocr_par' dir='ltr' id='par_1_4' title="bbox 103 2235 1493 3272">
     <span class='ocr_line' id='line_1_7' title="bbox 239 2235 1424 2326; baseline -0.001 -24"><span class='ocrx_word' id='word_1_35' title='bbox 239 2235 303 2303; x_wconf 86' lang='lat' dir='ltr'>His</span> <span class='ocrx_word' id='word_1_36' title='bbox 325 2236 517 2325; x_wconf 80' lang='lat' dir='ltr'>generaliter</span> <span class='ocrx_word' id='word_1_37' title='bbox 541 2241 678 2326; x_wconf 73' lang='lat' dir='ltr'><strong>cognitis</strong></span> <span class='ocrx_word' id='word_1_38' title='bbox 701 2243 733 2305; x_wconf 89' lang='lat' dir='ltr'>et</span> <span class='ocrx_word' id='word_1_39' title='bbox 754 2238 981 2324; x_wconf 70' lang='lat' dir='ltr'>incipientibus</span> <span class='ocrx_word' id='word_1_40' title='bbox 1004 2237 1096 2302; x_wconf 89' lang='lat' dir='ltr'>nobis</span> <span class='ocrx_word' id='word_1_41' title='bbox 1118 2254 1271 2320; x_wconf 79' lang='lat' dir='ltr'>exponere</span> <span class='ocrx_word' id='word_1_42' title='bbox 1292 2237 1363 2302; x_wconf 80' lang='lat' dir='ltr'>iure</span> <span class='ocrx_word' id='word_1_43' title='bbox 1407 2257 1424 2301; x_wconf 82' lang='lat' dir='ltr'>r</span> 
     </span>
     <span class='ocr_line' id='line_1_8' title="bbox 185 2341 1361 2431; baseline -0.002 -21"><span class='ocrx_word' id='word_1_44' title='bbox 185 2341 298 2431; x_wconf 90' lang='lat' dir='ltr'>populi</span> <span class='ocrx_word' id='word_1_45' title='bbox 319 2341 458 2409; x_wconf 83' lang='lat' dir='ltr'>Romani</span> <span class='ocrx_word' id='word_1_46' title='bbox 479 2346 527 2409; x_wconf 85' lang='lat' dir='ltr'>ito</span> <span class='ocrx_word' id='word_1_47' title='bbox 548 2346 689 2410; x_wconf 81' lang='lat' dir='ltr'>maxime</span> <span class='ocrx_word' id='word_1_48' title='bbox 707 2345 858 2411; x_wconf 78' lang='lat' dir='ltr'>ridentur</span> <span class='ocrx_word' id='word_1_49' title='bbox 876 2363 966 2430; x_wconf 89' lang='lat' dir='ltr'>posse</span> <span class='ocrx_word' id='word_1_50' title='bbox 984 2343 1068 2408; x_wconf 82' lang='lat' dir='ltr'>trudi</span> <span class='ocrx_word' id='word_1_51' title='bbox 1087 2341 1361 2428; x_wconf 79' lang='lat' dir='ltr'>commodissime,</span> 
     </span>
     <span class='ocr_line' id='line_1_9' title="bbox 186 2447 1364 2537; baseline 0 -23"><span class='ocrx_word' id='word_1_52' title='bbox 186 2452 214 2515; x_wconf 89' lang='lat' dir='ltr'>si</span> <span class='ocrx_word' id='word_1_53' title='bbox 237 2450 342 2535; x_wconf 87' lang='lat' dir='ltr'>primo</span> <span class='ocrx_word' id='word_1_54' title='bbox 364 2447 430 2516; x_wconf 84' lang='lat' dir='ltr'>levi</span> <span class='ocrx_word' id='word_1_55' title='bbox 453 2470 489 2515; x_wconf 87' lang='lat' dir='ltr'>oc</span> <span class='ocrx_word' id='word_1_56' title='bbox 512 2448 669 2535; x_wconf 83' lang='lat' dir='ltr'>simplici,</span> <span class='ocrx_word' id='word_1_57' title='bbox 689 2455 763 2537; x_wconf 89' lang='lat' dir='ltr'>post</span> <span class='ocrx_word' id='word_1_58' title='bbox 781 2449 899 2528; x_wconf 85' lang='lat' dir='ltr'>deinde</span> <span class='ocrx_word' id='word_1_59' title='bbox 914 2448 1162 2536; x_wconf 81' lang='lat' dir='ltr'>diligentissimo</span> <span class='ocrx_word' id='word_1_60' title='bbox 1182 2452 1276 2533; x_wconf 84' lang='lat' dir='ltr'>etque</span> <span class='ocrx_word' id='word_1_61' title='bbox 1294 2468 1364 2514; x_wconf 84' lang='lat' dir='ltr'>exe-</span> 
     </span>
     <span class='ocr_line' id='line_1_10' title="bbox 187 2553 1364 2643; baseline 0 -22"><span class='ocrx_word' id='word_1_62' title='bbox 187 2557 330 2621; x_wconf 88' lang='lat' dir='ltr'>ctissimo</span> <span class='ocrx_word' id='word_1_63' title='bbox 351 2556 609 2640; x_wconf 79' lang='lat' dir='ltr'>interpretatione</span> <span class='ocrx_word' id='word_1_64' title='bbox 628 2555 757 2643; x_wconf 80' lang='lat' dir='ltr'>singulo</span> <span class='ocrx_word' id='word_1_65' title='bbox 774 2555 949 2623; x_wconf 81' lang='lat' dir='ltr'>trudentur.</span> <span class='ocrx_word' id='word_1_66' title='bbox 986 2553 1128 2640; x_wconf 80' lang='lat' dir='ltr'>alioquin</span> <span class='ocrx_word' id='word_1_67' title='bbox 1147 2555 1175 2618; x_wconf 90' lang='lat' dir='ltr'>si</span> <span class='ocrx_word' id='word_1_68' title='bbox 1196 2557 1307 2620; x_wconf 81' lang='lat' dir='ltr'>stetim</span> <span class='ocrx_word' id='word_1_69' title='bbox 1324 2555 1364 2621; x_wconf 80' lang='lat' dir='ltr'>ab</span> 
     </span>
     <span class='ocr_line' id='line_1_11' title="bbox 186 2658 1493 2727; baseline 0.004 -4"><span class='ocrx_word' id='word_1_70' title='bbox 186 2660 280 2724; x_wconf 87' lang='lat' dir='ltr'>initio</span> <span class='ocrx_word' id='word_1_71' title='bbox 311 2658 424 2724; x_wconf 86' lang='lat' dir='ltr'>rudem</span> <span class='ocrx_word' id='word_1_72' title='bbox 456 2660 559 2725; x_wconf 81' lang='lat' dir='ltr'>adhuc</span> <span class='ocrx_word' id='word_1_73' title='bbox 582 2665 615 2724; x_wconf 91' lang='lat' dir='ltr'>et</span> <span class='ocrx_word' id='word_1_74' title='bbox 637 2659 803 2725; x_wconf 84' lang='lat' dir='ltr'>infirmum</span> <span class='ocrx_word' id='word_1_75' title='bbox 827 2665 973 2726; x_wconf 78' lang='lat' dir='ltr'>animum</span> <span class='ocrx_word' id='word_1_76' title='bbox 996 2660 1132 2726; x_wconf 76' lang='lat' dir='ltr'>studiosi</span> <span class='ocrx_word' id='word_1_77' title='bbox 1155 2659 1362 2727; x_wconf 86' lang='lat' dir='ltr'>multitudine</span> <span class='ocrx_word' id='word_1_78' title='bbox 1492 2713 1493 2720; x_wconf 15' lang='grc' dir='ltr'><strong>κ</strong></span> 
     </span>
     <span class='ocr_line' id='line_1_12' title="bbox 187 2765 1364 2841; baseline 0.003 -12"><span class='ocrx_word' id='word_1_79' title='bbox 187 2784 224 2829; x_wconf 83' lang='lat' dir='ltr'>uc</span> <span class='ocrx_word' id='word_1_80' title='bbox 245 2766 401 2828; x_wconf 78' lang='lat' dir='ltr'>verietate</span> <span class='ocrx_word' id='word_1_81' title='bbox 422 2785 530 2828; x_wconf 87' lang='lat' dir='ltr'>rerum</span> <span class='ocrx_word' id='word_1_82' title='bbox 553 2768 807 2841; x_wconf 82' lang='lat' dir='ltr'>oneraverimns,</span> <span class='ocrx_word' id='word_1_83' title='bbox 833 2766 969 2832; x_wconf 88' lang='lat' dir='ltr'>duorum</span> <span class='ocrx_word' id='word_1_84' title='bbox 993 2765 1132 2831; x_wconf 81' lang='lat' dir='ltr'>alterum</span> <span class='ocrx_word' id='word_1_85' title='bbox 1157 2772 1212 2832; x_wconf 81' lang='lat' dir='ltr'>aut</span> <span class='ocrx_word' id='word_1_86' title='bbox 1229 2767 1364 2832; x_wconf 69' lang='lat' dir='ltr'>decedo·</span> 
     </span>
     <span class='ocr_line' id='line_1_13' title="bbox 103 2868 1475 2959; baseline 0.004 -25"><span class='ocrx_word' id='word_1_87' title='bbox 103 2931 105 2934; x_wconf 84' lang='lat'>.</span> <span class='ocrx_word' id='word_1_88' title='bbox 182 2889 253 2934; x_wconf 86' lang='lat' dir='ltr'>rem</span> <span class='ocrx_word' id='word_1_89' title='bbox 284 2869 464 2934; x_wconf 88' lang='lat' dir='ltr'>studiorum</span> <span class='ocrx_word' id='word_1_90' title='bbox 495 2868 667 2934; x_wconf 89' lang='lat' dir='ltr'>efficiemus</span> <span class='ocrx_word' id='word_1_91' title='bbox 699 2873 755 2934; x_wconf 84' lang='lat' dir='ltr'>ont</span> <span class='ocrx_word' id='word_1_92' title='bbox 785 2889 860 2932; x_wconf 90' lang='lat' dir='ltr'>cum</span> <span class='ocrx_word' id='word_1_93' title='bbox 890 2889 1008 2956; x_wconf 79' lang='lat' dir='ltr'>magno</span> <span class='ocrx_word' id='word_1_94' title='bbox 1031 2869 1138 2934; x_wconf 80' lang='lat' dir='ltr'>labore</span> <span class='ocrx_word' id='word_1_95' title='bbox 1161 2875 1241 2950; x_wconf 87' lang='lat' dir='ltr'>eius,</span> <span class='ocrx_word' id='word_1_96' title='bbox 1266 2893 1359 2959; x_wconf 87' lang='lat' dir='ltr'>suepc</span> <span class='ocrx_word' id='word_1_97' title='bbox 1468 2907 1475 2920; x_wconf 92' lang='lat'><strong>·</strong></span> 
     </span>
     <span class='ocr_line' id='line_1_14' title="bbox 181 2973 1362 3060; baseline 0.002 -20"><span class='ocrx_word' id='word_1_98' title='bbox 181 2975 281 3040; x_wconf 85' lang='lat' dir='ltr'>etiam</span> <span class='ocrx_word' id='word_1_99' title='bbox 310 2993 385 3038; x_wconf 91' lang='lat' dir='ltr'>cum</span> <span class='ocrx_word' id='word_1_100' title='bbox 416 2973 608 3058; x_wconf 80' lang='lat' dir='ltr'>diffidentis,</span> <span class='ocrx_word' id='word_1_101' title='bbox 638 2994 717 3059; x_wconf 83' lang='lat' dir='ltr'>quse</span> <span class='ocrx_word' id='word_1_102' title='bbox 743 2973 932 3060; x_wconf 87' lang='lat' dir='ltr'>plerumque</span> <span class='ocrx_word' id='word_1_103' title='bbox 953 2976 1084 3039; x_wconf 82' lang='lat' dir='ltr'>iuvenes</span> <span class='ocrx_word' id='word_1_104' title='bbox 1108 2980 1236 3057; x_wconf 80' lang='lat' dir='ltr'>evertit,</span> <span class='ocrx_word' id='word_1_105' title='bbox 1260 2982 1362 3045; x_wconf 85' lang='lat' dir='ltr'>serius</span> 
     </span>
     <span class='ocr_line' id='line_1_15' title="bbox 189 3078 1359 3172; baseline -0.003 -27"><span class='ocrx_word' id='word_1_106' title='bbox 189 3078 230 3145; x_wconf 89' lang='lat' dir='ltr'>ed</span> <span class='ocrx_word' id='word_1_107' title='bbox 257 3079 292 3143; x_wconf 91' lang='lat' dir='ltr'>id</span> <span class='ocrx_word' id='word_1_108' title='bbox 313 3078 540 3164; x_wconf 85' lang='lat' dir='ltr'>perducemus,</span> <span class='ocrx_word' id='word_1_109' title='bbox 565 3079 606 3144; x_wconf 86' lang='lat' dir='ltr'>od</span> <span class='ocrx_word' id='word_1_110' title='bbox 629 3081 713 3164; x_wconf 90' lang='lat' dir='ltr'>quod</span> <span class='ocrx_word' id='word_1_111' title='bbox 735 3079 854 3145; x_wconf 88' lang='lat' dir='ltr'>leniore</span> <span class='ocrx_word' id='word_1_112' title='bbox 876 3081 930 3146; x_wconf 76' lang='lat' dir='ltr'>via</span> <span class='ocrx_word' id='word_1_113' title='bbox 953 3078 1068 3143; x_wconf 90' lang='lat' dir='ltr'>ductus</span> <span class='ocrx_word' id='word_1_114' title='bbox 1089 3080 1158 3142; x_wconf 89' lang='lat' dir='ltr'>sine</span> <span class='ocrx_word' id='word_1_115' title='bbox 1179 3098 1291 3172; x_wconf 74' lang='lat' dir='ltr'>magno</span> <span class='ocrx_word' id='word_1_116' title='bbox 1313 3085 1359 3153; x_wconf 63' lang='lat' dir='ltr'>la.</span> 
     </span>
     <span class='ocr_line' id='line_1_16' title="bbox 183 3183 1216 3272; baseline -0.003 -22"><span class='ocrx_word' id='word_1_117' title='bbox 183 3185 259 3252; x_wconf 86' lang='lat' dir='ltr'>bore</span> <span class='ocrx_word' id='word_1_118' title='bbox 282 3190 314 3250; x_wconf 92' lang='lat' dir='ltr'>et</span> <span class='ocrx_word' id='word_1_119' title='bbox 336 3186 404 3250; x_wconf 89' lang='lat' dir='ltr'>sine</span> <span class='ocrx_word' id='word_1_120' title='bbox 429 3183 497 3250; x_wconf 84' lang='lat' dir='ltr'>uilo</span> <span class='ocrx_word' id='word_1_121' title='bbox 519 3184 695 3251; x_wconf 85' lang='lat' dir='ltr'>diffidentie</span> <span class='ocrx_word' id='word_1_122' title='bbox 717 3187 877 3252; x_wconf 82' lang='lat' dir='ltr'>maturius</span> <span class='ocrx_word' id='word_1_123' title='bbox 898 3185 1029 3272; x_wconf 86' lang='lat' dir='ltr'>perduci</span> <span class='ocrx_word' id='word_1_124' title='bbox 1049 3184 1216 3269; x_wconf 87' lang='lat' dir='ltr'>potuisset.</span> 
     </span>
    </p>
   </div>
   <div class='ocr_carea' id='block_1_4' title="bbox 177 3327 399 3343">
    <p class='ocr_par' dir='ltr' id='par_1_5' title="bbox 177 3327 399 3343">
     <span class='ocr_line' id='line_1_17' title="bbox 177 3327 399 3343; baseline -0.014 0"><span class='ocrx_word' id='word_1_125' title='bbox 177 3327 399 3343; x_wconf 60' lang='lat' dir='ltr'>u———n—-a</span> 
     </span>
    </p>
   </div>
   <div class='ocr_carea' id='block_1_5' title="bbox 220 3415 1349 3582">
    <p class='ocr_par' dir='ltr' id='par_1_6' title="bbox 220 3415 1349 3582">
     <span class='ocr_line' id='line_1_18' title="bbox 220 3415 1349 3493; baseline 0.001 -23"><span class='ocrx_word' id='word_1_126' title='bbox 220 3419 248 3488; x_wconf 75' lang='lat'>*)</span> <span class='ocrx_word' id='word_1_127' title='bbox 266 3416 393 3472; x_wconf 81' lang='lat' dir='ltr'>Institut.</span> <span class='ocrx_word' id='word_1_128' title='bbox 412 3415 512 3472; x_wconf 89' lang='lat' dir='ltr'>lustin.</span> <span class='ocrx_word' id='word_1_129' title='bbox 530 3416 687 3486; x_wconf 71' lang='lat' dir='ltr'>praefertur</span> <span class='ocrx_word' id='word_1_130' title='bbox 704 3415 734 3470; x_wconf 90' lang='lat' dir='ltr'>in</span> <span class='ocrx_word' id='word_1_131' title='bbox 749 3415 891 3470; x_wconf 89' lang='lat' dir='ltr'>nonnullis</span> <span class='ocrx_word' id='word_1_132' title='bbox 906 3415 986 3470; x_wconf 87' lang='lat' dir='ltr'>libris</span> <span class='ocrx_word' id='word_1_133' title='bbox 1001 3416 1071 3479; x_wconf 81' lang='lat' dir='ltr'>Mos.¹</span> <span class='ocrx_word' id='word_1_134' title='bbox 1082 3415 1185 3471; x_wconf 81' lang='lat' dir='ltr'>haecce</span> <span class='ocrx_word' id='word_1_135' title='bbox 1200 3415 1349 3493; x_wconf 62' lang='lat' dir='ltr'>incriptiog</span> 
     </span>
     <span class='ocr_line' id='line_1_19' title="bbox 328 3505 1221 3582; baseline -0.002 -20"><span class='ocrx_word' id='word_1_136' title='bbox 328 3505 464 3562; x_wconf 85' lang='lat' dir='ltr'>DOMINI</span> <span class='ocrx_word' id='word_1_137' title='bbox 482 3505 615 3561; x_wconf 82' lang='lat' dir='ltr'><strong>NOSTRI</strong></span> <span class='ocrx_word' id='word_1_138' title='bbox 633 3505 839 3561; x_wconf 81' lang='lat' dir='ltr'><strong>IUSTINIANI</strong></span> <span class='ocrx_word' id='word_1_139' title='bbox 857 3505 1221 3582; x_wconf 22' lang='lat' dir='ltr'>metuendo-Auunci]</span> 
     </span>
    </p>
   </div>
   <div class='ocr_carea' id='block_1_6' title="bbox 264 3600 1287 3684">
    <p class='ocr_par' dir='ltr' id='par_1_7' title="bbox 264 3600 1287 3684">
     <span class='ocr_line' id='line_1_20' title="bbox 264 3600 1287 3684; baseline 0.006 -6"><span class='ocrx_word' id='word_1_140' title='bbox 264 3600 701 3680; x_wconf 79' lang='lat' dir='ltr'>INSTITUTIONUM</span> <span class='ocrx_word' id='word_1_141' title='bbox 737 3603 859 3680; x_wconf 80' lang='lat' dir='ltr'><strong>SIVE</strong></span> <span class='ocrx_word' id='word_1_142' title='bbox 895 3603 1287 3684; x_wconf 73' lang='lat' dir='ltr'>uuunuduouun</span> 
     </span>
    </p>
   </div>
   <div class='ocr_carea' id='block_1_7' title="bbox 184 3715 1360 4114">
    <p class='ocr_par' dir='ltr' id='par_1_8' title="bbox 184 3715 1360 4114">
     <span class='ocr_line' id='line_1_21' title="bbox 184 3715 1360 3767; baseline 0.003 -11"><span class='ocrx_word' id='word_1_143' title='bbox 184 3717 399 3756; x_wconf 72' lang='lat' dir='ltr'>comosmoltuu</span> <span class='ocrx_word' id='word_1_144' title='bbox 427 3718 481 3756; x_wconf 78' lang='lat' dir='ltr'>PER</span> <span class='ocrx_word' id='word_1_145' title='bbox 508 3717 705 3757; x_wconf 73' lang='lat' dir='ltr'>unmomuum</span> <span class='ocrx_word' id='word_1_146' title='bbox 732 3718 826 3757; x_wconf 77' lang='lat' dir='ltr'>vnum</span> <span class='ocrx_word' id='word_1_147' title='bbox 853 3717 999 3756; x_wconf 70' lang='lat' dir='ltr'>nxcnlutm</span> <span class='ocrx_word' id='word_1_148' title='bbox 1024 3717 1158 3767; x_wconf 71' lang='lat' dir='ltr'>mnusquu</span> <span class='ocrx_word' id='word_1_149' title='bbox 1184 3715 1360 3765; x_wconf 70' lang='lat' dir='ltr'>murmurum</span> 
     </span>
     <span class='ocr_line' id='line_1_22' title="bbox 224 3789 1321 3857; baseline -0.001 -12"><span class='ocrx_word' id='word_1_150' title='bbox 224 3807 389 3846; x_wconf 74' lang='lat' dir='ltr'>MAGISTRUM</span> <span class='ocrx_word' id='word_1_151' title='bbox 407 3789 441 3846; x_wconf 65' lang='grc' dir='ltr'>ΕΤ</span> <span class='ocrx_word' id='word_1_152' title='bbox 458 3807 655 3857; x_wconf 65' lang='lat' dir='ltr'><strong>BXQUAFSTOBE</strong></span> <span class='ocrx_word' id='word_1_153' title='bbox 674 3807 755 3846; x_wconf 75' lang='lat' dir='ltr'>suom</span> <span class='ocrx_word' id='word_1_154' title='bbox 773 3807 884 3846; x_wconf 74' lang='lat' dir='ltr'>PALATII</span> <span class='ocrx_word' id='word_1_155' title='bbox 902 3807 935 3846; x_wconf 79' lang='grc' dir='ltr'>ΕΤ</span> <span class='ocrx_word' id='word_1_156' title='bbox 954 3805 1137 3845; x_wconf 72' lang='grc' dir='ltr'><strong>ΤΗΕΟΡΗΠᾸῙΜ</strong></span> <span class='ocrx_word' id='word_1_157' title='bbox 1155 3805 1233 3850; x_wconf 75' lang='lat' dir='ltr'>mur</span> <span class='ocrx_word' id='word_1_158' title='bbox 1249 3812 1321 3852; x_wconf 69' lang='lat' dir='ltr'>MAG-</span> 
     </span>
     <span class='ocr_line' id='line_1_23' title="bbox 259 3893 1282 3940; baseline 0.002 -5"><span class='ocrx_word' id='word_1_159' title='bbox 259 3895 379 3935; x_wconf 59' lang='lat' dir='ltr'>timeum</span> <span class='ocrx_word' id='word_1_160' title='bbox 402 3896 480 3935; x_wconf 77' lang='lat' dir='ltr'>Iulus</span> <span class='ocrx_word' id='word_1_161' title='bbox 504 3897 629 3935; x_wconf 69' lang='lat' dir='ltr'>eumdum</span> <span class='ocrx_word' id='word_1_162' title='bbox 650 3895 685 3934; x_wconf 76' lang='grc' dir='ltr'>ΕΤ</span> <span class='ocrx_word' id='word_1_163' title='bbox 708 3896 921 3936; x_wconf 69' lang='lat' dir='ltr'>muucnssoltuu</span> <span class='ocrx_word' id='word_1_164' title='bbox 945 3895 1032 3934; x_wconf 77' lang='lat' dir='ltr'><strong>HUIUS</strong></span> <span class='ocrx_word' id='word_1_165' title='bbox 1050 3895 1145 3934; x_wconf 72' lang='lat' dir='ltr'>ALMAE</span> <span class='ocrx_word' id='word_1_166' title='bbox 1164 3893 1229 3937; x_wconf 67' lang='lat' dir='ltr'>URBsi</span> <span class='ocrx_word' id='word_1_167' title='bbox 1248 3901 1282 3940; x_wconf 78' lang='grc' dir='ltr'>ΕΤ</span> 
     </span>
     <span class='ocr_line' id='line_1_24' title="bbox 295 3982 1244 4036; baseline -0.001 -12"><span class='ocrx_word' id='word_1_168' title='bbox 295 3985 470 4024; x_wconf 68' lang='lat' dir='ltr'>nonomen</span> <span class='ocrx_word' id='word_1_169' title='bbox 493 3985 587 4024; x_wconf 72' lang='lat' dir='ltr'>VIRUM</span> <span class='ocrx_word' id='word_1_170' title='bbox 612 3985 792 4025; x_wconf 66' lang='lat' dir='ltr'>nummum</span> <span class='ocrx_word' id='word_1_171' title='bbox 817 3983 1014 4036; x_wconf 74' lang='lat' dir='ltr'>Qunnuuomuu</span> <span class='ocrx_word' id='word_1_172' title='bbox 1036 3983 1114 4022; x_wconf 73' lang='lat' dir='ltr'>mnus</span> <span class='ocrx_word' id='word_1_173' title='bbox 1137 3982 1244 4028; x_wconf 70' lang='lat' dir='ltr'>Humum</span> 
     </span>
     <span class='ocr_line' id='line_1_25' title="bbox 384 4071 1177 4114; baseline -0.003 0"><span class='ocrx_word' id='word_1_174' title='bbox 384 4077 417 4114; x_wconf 81' lang='grc' dir='ltr'>ΕΤ</span> <span class='ocrx_word' id='word_1_175' title='bbox 435 4075 647 4114; x_wconf 76' lang='lat' dir='ltr'>ANTEGESSOREM</span> <span class='ocrx_word' id='word_1_176' title='bbox 666 4074 862 4114; x_wconf 63' lang='lat' dir='ltr'>ueniundum</span> <span class='ocrx_word' id='word_1_177' title='bbox 880 4073 1015 4113; x_wconf 72' lang='lat' dir='ltr'>monum</span> <span class='ocrx_word' id='word_1_178' title='bbox 1034 4071 1177 4112; x_wconf 68' lang='lat' dir='ltr'>omnmo.</span> 
     </span>
    </p>
   </div>
   <div class='ocr_carea' id='block_1_8' title="bbox 0 0 1516 4574">
    <p class='ocr_par' dir='ltr' id='par_1_9' title="bbox 0 0 1516 4574">
     <span class='ocr_line' id='line_1_26' title="bbox 0 0 1516 4574; baseline 0 0"><span class='ocrx_word' id='word_1_179' title='bbox 0 0 1516 4574; x_wconf 95' lang='lat' dir='ltr'> </span> 
     </span>
    </p>
   </div>
  </div>
 </body>
</html>
