2894 4616
212 39 278 112 394
588 63 670 117 inor.
695 2 749 136 It,
773 63 829 116 nr.
852 44 890 137 ξς
913 46 1029 120 2-13..

208 235 377 333 pellatur:
411 239 620 310 exercitoria
647 250 731 312 tune
757 240 876 312 loeurn
901 237 1026 325 habet,
1053 234 1243 338 numquis
1264 263 1381 311 servan
1428 331 1429 334 Ἴ

210 377 310 422 suum
344 353 551 451 magistrum
581 355 680 425 navis
709 354 952 453 praeposuerit
975 364 1011 424 et
1036 353 1122 451 quid
1149 379 1231 425 cunr
1259 379 1300 425 eo
1324 355 1382 425 eius
1428 383 1429 386 ¹

206 465 258 536 rei
291 466 424 564 gratia,
458 466 514 538 oui
539 469 758 564 praepositus
783 468 869 556 erit,
900 477 1121 540 contractum
1147 467 1268 537 tirerit.
1317 467 1383 538 ideo

207 587 323 650 autem
357 579 564 650 exercitoria
594 591 761 667 vocatu,
796 581 878 679 quia
910 583 1086 652 exercitur
1114 579 1317 677 appellatur
1345 583 1384 666 is,
1426 569 1429 672 i

204 691 251 763 ad
280 718 385 790 quern
419 681 662 790 quotidianus
679 696 780 765 navis
813 705 980 792 quaestus
1009 697 1170 792 pertinet.
1221 693 1385 765 institoria

204 815 288 878 tune
320 805 438 878 tonum
471 803 598 894 habet,
634 834 714 878 enm
747 808 827 905 quis
851 806 1018 879 tabernae
1045 807 1136 881 forte
1160 823 1223 880 aut
1251 809 1385 880 cuilibet

208 919 443 1018 negotiationi
469 946 609 992 servum
635 921 877 1018 praeposuerit
901 931 936 993 et
960 919 1045 1019 quid
1073 948 1152 992 eum
1178 948 1222 993 eo
1252 924 1328 993 eius
1347 925 1387 993 rei

204 1058 329 1127 eausa,
355 1033 412 1106 cui
434 1035 653 1133 praepositus
675 1035 757 1120 erit,
781 1045 1002 1106 contractum
1023 1033 1138 1104 suerit.
1173 1034 1259 1106 ideo
1282 1047 1385 1106 autem

201 1146 376 1218 institoria
408 1147 625 1246 appellatur,
658 1148 740 1245 qrria
766 1147 826 1246 qui
852 1145 1150 1248 negotiationibus
1175 1174 1390 1245 praeponun-

204 1270 261 1332 tur
283 1262 464 1334 institores
489 1271 672 1342 vocantur.
712 1259 807 1332 Istas
833 1271 950 1332 tameo
971 1258 1058 1332 duas
1080 1261 1243 1332 notiones
1256 1273 1388 1358 praetor
1401 1251 1430 1327 rd

203 1372 321 1445 reddit
354 1385 389 1445 et
421 1373 451 1446 si
485 1373 635 1446 liberum
668 1373 748 1472 quis
779 1371 960 1446 hominem
989 1373 1229 1445 antolianum
1257 1399 1388 1444 servum

76 1511 80 1518 ’
202 1489 284 1560 navi
319 1499 379 1560 aut
411 1487 580 1560 tabernae
609 1497 669 1559 aut
703 1484 850 1559 erutibet
875 1487 1107 1586 negotiationi
1131 1489 1388 1584 praeposuerit,

202 1602 342 1674 scilieet
375 1603 458 1700 quia
490 1602 614 1674 eadem
647 1603 836 1702 aequitatis
862 1601 951 1673 ratio
979 1602 1151 1674 etiamen
1178 1627 1266 1672 casu
1292 1602 1389 1674 iuter-

203 1713 374 1788 veniebat.
433 1715 636 1788 introduxit
675 1726 710 1787 et
745 1716 851 1787 aliam
890 1716 1066 1787 notionem
1103 1724 1264 1812 praetor,
1306 1739 1410 1813 quaes

200 1825 386 1900 tributoria
421 1843 579 1904 vocatur.
631 1855 783 1930 namque
813 1829 843 1900 si
866 1854 987 1902 servus
1012 1829 1049 1898 in
1075 1825 1253 1925 peculiari
1278 1855 1389 1901 meroe
