2934 4608
778 1845 849 1911 VII.
861 1891 865 1898 -

617 2012 668 2072 DE
688 2012 985 2074 DONATIONIBUS.

267 2175 325 2240 Est
359 2175 457 2239 etiam
490 2171 578 2239 aliud
612 2193 713 2261 genus
746 2173 966 2258 adquisitionis
1000 2173 1138 2240 donatio.
1184 2174 1400 2239 Donationum

219 2287 329 2348 autem
361 2281 423 2346 duo
454 2301 570 2369 genera
600 2283 691 2344 sunt:
721 2281 834 2343 mortis
865 2299 958 2343 cansa
989 2283 1021 2344 et
1051 2299 1114 2346 non
1145 2283 1257 2347 mortis
1293 2300 1399 2345 causa.

125 2433 128 2442 -
219 2388 336 2454 Mortis
364 2407 458 2452 cansa
480 2386 608 2452 donatio
631 2391 697 2470 est,
720 2405 800 2470 quac
821 2390 950 2471 propter
971 2389 1085 2451 mortis
1107 2385 1144 2451 fit
1167 2389 1424 2472 suspicionem«

219 2515 294 2561 oum
321 2496 392 2579 quis
416 2495 460 2558 ita
483 2493 595 2578 donat,
619 2497 675 2569 ut,
700 2494 728 2558 si
751 2492 828 2577 quid
850 2492 1038 2556 humanitus
1061 2495 1092 2559 ei
1114 2495 1322 2580 contigisset,
1347 2493 1399 2556 ha-

218 2601 307 2666 beret
330 2602 358 2665 is
381 2601 436 2684 qni
459 2601 597 2684 accepit:
622 2602 671 2663 sin
695 2603 804 2664 autem
827 2600 1054 2683 supervixisset
1077 2601 1132 2685 qui
1152 2598 1298 2674 donavit,
1322 2599 1399 2662 reoi-

219 2711 324 2792 peret,
352 2705 406 2771 vel
435 2707 463 2768 si
493 2725 568 2770 enm
592 2706 770 2770 donationis
792 2707 1018 2790 poenituisset,
1044 2717 1099 2770 aut
1120 2707 1206 2792 prior
1229 2705 1399 2770 decesserit

216 2815 244 2877 is
267 2815 320 2876 oni
343 2811 495 2876 donatum
518 2813 570 2876 sit.
618 2812 679 2877 hae
702 2812 814 2886 mortis
837 2831 931 2874 causa
951 2809 1133 2877 donationes
1153 2809 1190 2876 ad
1212 2809 1399 2894 exemplum

218 2917 399 3004 legatorum
432 2916 576 2997 redactae
611 2928 685 2981 sunt
714 2938 770 3002 per
804 2918 921 2981 omnia.
968 2937 1043 2982 nam
1078 2937 1152 2983 cum
1188 2915 1399 3002 prudentibus

216 3024 409 3109 ambiguum
434 3021 555 3105 fuerat,
579 3027 690 3087 utrum
713 3022 890 3087 donationis
914 3043 953 3087 an
974 3022 1075 3110 legati
1097 3025 1198 3088 instar
1220 3042 1291 3087 eam
1318 3023 1398 3106 opti·
1461 3023 1462 3050 ¹

216 3149 290 3193 nere
320 3131 492 3212 oporteret,
528 3132 560 3192 et
589 3131 754 3213 utriusque
785 3148 897 3193 causae
919 3129 1073 3214 quaedam
1097 3128 1234 3194 habebat
1257 3127 1398 3213 insignia

217 3239 249 3298 et
283 3234 338 3298 alii
367 3233 406 3297 ad
434 3231 523 3298 alind
553 3255 655 3321 genus
686 3253 757 3298 eam
786 3233 1006 3300 retrahebant:
1031 3233 1162 3300 anobis
1185 3235 1398 3299 constitutum

216 3344 281 3414 est,
309 3343 346 3403 ut
377 3359 433 3422 per
464 3341 571 3404 omnia
601 3339 665 3404 fere
696 3337 813 3426 legatis
836 3345 1079 3406 connumeretur
1102 3344 1134 3406 et
1156 3341 1202 3404 sic
1225 3337 1396 3424 procedat,

215 3443 485 3530 quemadmodum
517 3465 587 3510 eam
610 3452 717 3510 nostra
740 3445 891 3510 formavit
911 3448 1106 3512 constitutio.
1152 3451 1184 3511 et
1207 3447 1240 3508 in
1265 3462 1395 3509 summa

215 3553 329 3616 mortis
351 3570 445 3615 cansa
467 3550 594 3615 donatio
613 3555 675 3627 est,
698 3569 772 3615 cnm
791 3553 945 3638 magisne
965 3551 1042 3634 quid
1060 3550 1140 3617 velit
1151 3549 1285 3626 habere,
1299 3569 1398 3634 quam

215 3679 289 3722 eum
320 3658 373 3722 cni
400 3655 551 3732 donatur,
581 3657 749 3744 magisque
780 3676 854 3721 eum
884 3657 937 3721 cui
968 3655 1083 3733 donat,
1113 3676 1210 3741 qnam
1244 3654 1398 3720 heredem

214 3784 319 3828 suum.
368 3763 413 3827 sic
436 3766 468 3826 et
492 3762 576 3847 apud
598 3761 779 3830 Homerum
802 3760 1012 3827 Telemachus
1035 3762 1130 3827 donat
1153 3759 1275 3827 Piraeo.
1291 3757 1318 3845 1)

211 3972 396 3986 m

245 4077 273 4146 1)
293 4075 391 4146 Odyss.
413 4077 464 4142 17,
484 4094 510 4129 v.
531 4073 566 4128 78
586 4092 646 4143 sqq·
