2890 4616
108 96 110 107 .
190 30 256 102 aaa
484 99 486 109 .
571 55 653 106 mn.
677 39 731 106 rr.
755 58 800 107 a.
823 39 860 126 aa
883 37 981 106 a-a

185 228 294 302 veluti
319 228 453 325 siquis
478 228 630 320 alienum
655 255 793 301 servum
812 230 1067 322 verberaverit,
1089 238 1124 299 et
1142 231 1178 299 in
1196 226 1348 302 buueca·

184 368 262 414 sum
283 345 365 409 actio
385 343 610 438 proponitur:
633 354 668 413 at
685 345 715 414 si
737 345 816 440 quis
836 369 937 416 servo
961 345 1159 416 convicium
1174 343 1349 416 seceritrei

185 483 306 554 pugno
326 482 404 526 eum
424 457 656 552 percusserit,
672 456 766 528 nulla
781 459 816 526 in
832 485 910 529 eum
923 459 1016 529 actio
1031 457 1175 528 domiuo
1188 461 1349 553 competit.

188 569 224 636 Si
239 573 403 637 communi
425 592 515 638 servo
536 572 653 637 iniuria
676 573 759 638 iacta
778 576 836 657 sit,
857 593 994 657 aequum
1006 578 1195 656 estnonpro
1207 578 1365 656 saperius

190 699 252 764 qua
282 678 431 744 dominus
463 678 594 764 quisque
621 684 683 754 est,
707 681 960 744 aestimationem
978 681 1117 743 iniuriae
1139 676 1225 755 fieri,
1249 677 1352 743 seder

188 785 389 850 dominorum
412 805 560 871 persona,
585 787 659 870 quia
681 787 759 870 ipsis
782 783 828 875 fit
842 787 970 852 iniuria.
1006 785 1123 866 Quodsi
1146 805 1222 848 usus
1241 785 1368 849 fructura

188 892 224 954 in
246 911 336 956 servo
360 891 439 956 Titii
463 896 525 968 est,
551 893 724 978 proprietas
748 892 868 958 Maevii
888 899 956 970 est,
976 895 1082 980 magis
1101 890 1229 956 Maerio
1249 892 1355 956 iniuria

189 993 257 1061 fieri
281 997 489 1086 intellegitur.
526 997 588 1063 ced
606 1001 633 1062 si
653 997 770 1074 libera,
792 1000 846 1083 qui
865 999 925 1063 tibi
945 998 1025 1064 bona
1046 995 1107 1061 fide
1119 999 1234 1072 servit,
1248 997 1371 1062 iniuriat

190 1102 273 1168 facta
303 1106 362 1187 sit,
394 1105 483 1169 nulla
514 1104 575 1180 tibi
596 1107 678 1170 actio
703 1104 844 1180 dabitur,
872 1105 926 1169 sed
949 1125 1006 1170 suo
1027 1107 1155 1169 nomine
1176 1105 1205 1167 is
1228 1102 1355 1187 experiri

189 1210 322 1293 poterit:
348 1212 410 1276 nisi
432 1213 466 1275 in
490 1211 716 1276 contumeliam
740 1216 829 1276 tuam
850 1211 994 1296 pulsatus
1014 1212 1073 1293 sit,
1093 1216 1168 1274 tunc
1181 1212 1269 1276 enim
1281 1230 1356 1275 com·

189 1318 272 1402 petit
294 1322 325 1381 et
348 1319 408 1381 tibi
430 1319 620 1383 iniuriarum
643 1320 735 1382 actio.
771 1319 857 1384 idem
882 1338 957 1405 ergo
980 1322 1027 1382 est
1050 1322 1082 1382 et
1101 1319 1136 1380 in
1153 1337 1244 1382 servo
1264 1315 1355 1380 alieno
1416 1336 1417 1359 ³

192 1423 274 1487 bona
297 1421 357 1488 fide
381 1423 440 1487 tibi
464 1425 636 1508 serviente,
660 1427 697 1488 ut
715 1425 831 1488 totiens
850 1423 1039 1489 admittatur
1057 1425 1246 1487 iniuriarum
1267 1424 1356 1496 actio,
1415 1453 1416 1456 ¹

150 1573 152 1580 -
192 1532 336 1615 quotiens
358 1531 391 1593 in
415 1535 505 1595 tuam
529 1530 755 1598 contumeliam
777 1533 894 1594 iniuria
917 1533 947 1594 ei
966 1530 1050 1596 facta
1072 1532 1123 1593 sit.
1415 1609 1416 1614 ἵ

241 1635 362 1705 Poena
395 1645 511 1704 autem
544 1635 749 1707 iniuriarum
782 1661 824 1706 ex
851 1635 931 1734 lege
958 1633 1144 1705 duodecim
1170 1632 1377 1704 tabularumr

189 1758 332 1845 propter
365 1747 560 1818 membrum
590 1749 733 1846 quidem
766 1758 905 1845 ruptum
931 1745 1016 1818 talio
1041 1761 1130 1817 erat:
1155 1759 1305 1845 propter
1328 1773 1360 1816 os

187 1887 272 1932 vero
306 1861 455 1931 fractum
490 1863 706 1932 nummariae
740 1887 875 1958 poenae
911 1872 1012 1932 erant
1036 1863 1246 1932 constitutae
1272 1861 1362 1958 quasi

189 1975 226 2043 iu
251 2000 380 2074 magua
403 1985 561 2045 veterum
586 1985 799 2073 paupertate.
826 1959 911 2045 'sed
937 1985 1059 2072 postea
1082 1984 1263 2071 praetores
1291 2000 1358 2071 per·

189 2084 375 2158 mittebant
398 2088 483 2184 ipsis
508 2088 569 2186 qui
593 2088 755 2160 iniuriam
778 2089 873 2185 passi
899 2098 982 2160 suut
1007 2113 1083 2158 eam
1109 2089 1310 2178 aestimare,
1329 2097 1361 2157 ut

188 2199 293 2270 iudex
328 2199 385 2272 vel
409 2202 498 2272 tanti
523 2200 755 2294 condemnet,
779 2202 901 2299 quanti
926 2202 1087 2273 iniuriam
1111 2227 1236 2297 passus
1262 2201 1359 2272 aesti-

188 2313 355 2402 maverit,
389 2312 444 2384 vel
476 2314 644 2402 minoris,
675 2305 779 2411 prout
812 2315 844 2385 ei
876 2317 991 2386 visum
1025 2313 1139 2385 suerit.
1191 2317 1247 2380 sed
1268 2336 1359 2400 poena

191 2427 320 2512 quidem
352 2430 502 2504 iniuriae,
535 2450 615 2514 quae
637 2449 675 2493 ex
697 2429 769 2518 lege
793 2430 959 2494 duodecim
983 2429 1165 2494 tabularum
1187 2429 1359 2495 introducta

192 2540 257 2610 est,
290 2537 325 2598 in
357 2536 597 2601 desuetudinem
628 2537 724 2600 abiit:
757 2557 853 2620 quam
877 2541 984 2600 autem
1005 2540 1165 2620 praetores
1187 2536 1360 2600 introduxe-

191 2647 283 2718 runt,
308 2662 387 2725 quae
410 2645 507 2707 etiam
531 2643 697 2708 honoraria
720 2642 915 2729 appellatur,
938 2645 972 2706 in
994 2641 1122 2706 iudiciis
1140 2643 1358 2727 frequentatur.

189 2767 264 2811 nam
294 2749 466 2814 secundum
497 2751 634 2836 gradum
662 2751 829 2837 dignitatis
859 2751 1006 2834 vitaeque
1034 2749 1233 2814 honestatem
1257 2750 1358 2814 crescit
1415 2763 1416 2766 ’

194 2857 250 2918 aut
276 2856 433 2921 minuitur
457 2858 636 2922 aestimatio
659 2859 810 2921 iniuriae:
837 2857 892 2940 qui
914 2856 1032 2941 gradum
1057 2854 1323 2921 condemnationis
1333 2859 1358 2919 et

190 2958 225 3022 in
259 2961 367 3026 servili
401 2955 532 3046 persona
564 2983 626 3028 nou
657 2964 817 3027 immerito
850 2965 1008 3038 servatur,
1039 2966 1076 3024 ut
1104 2961 1193 3026 aliud
1223 2964 1258 3025 in
1280 2979 1358 3026 servo

193 3069 312 3142 actore,
345 3065 432 3131 aliud
462 3069 496 3131 in
526 3069 625 3132 medii
656 3074 744 3134 actus
774 3067 924 3145 homine,
955 3065 1043 3132 aliud
1074 3069 1108 3131 in
1136 3067 1295 3132 vilissimo
1316 3064 1357 3131 rel

192 3172 371 3261 compedito
403 3176 623 3238 constituatur.
671 3172 733 3239 sed
757 3179 789 3238 et
811 3173 863 3238 lsx
886 3170 1031 3239 Cornelia
1055 3173 1092 3238 de
1115 3174 1242 3238 iniuriis
1263 3173 1372 3256 loqui-r

192 3281 246 3342 tur
274 3283 305 3347 st
324 3279 518 3362 iniuriarum
542 3283 698 3346 actionem
723 3278 909 3344 introduxit.
957 3300 1037 3364 quae
1060 3281 1213 3363 competit
1236 3279 1275 3344 ob
1299 3298 1356 3342 eam

191 3404 279 3460 rem,
313 3386 396 3470 quod
424 3407 457 3451 se
479 3387 643 3471 pulsatum
670 3389 741 3471 quis
765 3388 1006 3452 verberatumrs
1030 3386 1202 3450 domumve
1221 3405 1310 3448 suam
1329 3383 1355 3446 ri

143 3547 145 3550 .
195 3492 360 3556 introitum
384 3511 450 3558 esse
474 3493 567 3557 dicat.
616 3493 747 3558 domum
772 3497 879 3558 autem
902 3494 1091 3578 accipimus,
1112 3493 1180 3555 sive
1199 3490 1353 3576 inproprii

192 3597 284 3663 domo
314 3601 385 3683 quis
414 3599 537 3663 habitat
560 3601 627 3664 sive
650 3601 684 3662 in
704 3592 857 3664 conducta
876 3598 928 3664 vel
950 3600 1051 3686 gratis
1074 3599 1141 3662 sive
1163 3596 1299 3683 hospitio
1318 3613 1353 3656 re

191 3708 300 3788 ceptus
333 3707 384 3769 sit.
432 3703 549 3773 Atrox
587 3703 713 3775 iniuria
747 3705 949 3775 aestimatur
983 3700 1039 3772 vel
1063 3727 1105 3772 ex
1131 3701 1243 3788 facto,
1264 3698 1369 3770 velutit

189 3815 219 3885 si
243 3816 323 3912 quis
349 3804 394 3887 ab
420 3815 537 3914 aliquo
563 3816 765 3887 vrrlneratus
786 3817 892 3887 fuerit
909 3813 965 3885 vel
983 3813 1135 3886 fustibus
1155 3836 1292 3886 caesus:
1308 3809 1352 3881 vel

185 3953 227 4000 ex
260 3927 362 4022 loco,
391 3928 499 4001 veluti
523 3931 553 4000 si
578 3931 636 4000 cui
661 3930 698 3999 iu
723 3928 859 4001 theatro
883 3927 941 4000 vel
965 3929 1001 3996 iu
1027 3926 1106 3998 foro
1132 3926 1187 3998 vel
1210 3927 1249 3996 iu
1273 3950 1353 3998 cou-

190 4053 313 4139 spectu
346 4045 517 4138 praetoris
551 4044 680 4116 iniuria
711 4044 804 4115 facta
831 4044 892 4114 sit:
918 4041 971 4114 vel
1001 4068 1043 4114 ex
1068 4067 1240 4140 persona,
1264 4035 1351 4110 veluti

189 4157 219 4227 si
251 4158 477 4254 magistratus
511 4157 672 4228 iniuriam
707 4183 830 4256 passus
860 4155 987 4250 suerit,
1013 4156 1070 4229 rel
1094 4158 1124 4228 si
1149 4147 1350 4228 senatorial)
