2964 4596
203 6 246 75 te
588 23 672 73 mer.
691 4 718 72 I.
742 25 790 74 xn
812 4 982 92 §st-10.

236 193 468 267 Admonendi
489 205 604 266 autem
627 221 748 266 sumus
767 193 919 265 liberum
941 219 1018 265 esse
1038 194 1220 266 arbitrium
1242 196 1294 282 ei,
1308 193 1370 292 qui
1394 224 1411 268 1

189 305 301 377 filium
323 319 358 380 et
377 335 421 380 ex
442 334 485 379 eo
510 318 673 405 nepotem
698 307 755 379 vei
778 318 919 404 neptem
943 308 981 377 in
1005 318 1179 404 potestate
1202 307 1366 395 habebit,
1394 295 1397 300 ¹

190 418 302 490 tilium
315 419 458 518 quidem
472 421 516 491 de
528 430 702 517 potestate
715 419 913 513 dimittere,
925 432 1089 516 nepotem
1103 447 1188 492 vero
1201 421 1258 491 vel
1271 447 1371 517 nep-

192 543 264 604 tem
298 535 470 605 retinere:
512 545 546 605 et
576 559 619 604 ex
652 533 793 604 diverso
822 531 934 603 filium
962 532 1105 630 quidem
1129 535 1168 603 in
1194 543 1369 630 potestate

192 646 362 738 retinere,
400 658 562 744 nepotem
593 671 678 718 vero
708 645 766 717 vel
792 654 932 741 neptem
958 645 1202 717 manumittere
1231 644 1371 735 (eadem

190 770 225 829 et
265 758 309 829 de
346 769 539 856 pronepote
574 758 632 829 vel
661 765 833 855 pronepte
858 757 954 828 dicta
985 781 1063 828 esse
1088 757 1371 856 intellegantur),

189 871 246 944 vel
272 897 395 950 omnes
420 873 474 943 sui
497 872 583 942 iuris
613 869 772 941 efficere.
826 869 889 936 Sed
912 878 944 936 et
967 874 996 936 si
1017 871 1249 956 petoritum,
1269 889 1365 956 quem
1389 891 1406 934 e

190 989 223 1050 in
255 991 411 1071 potestate
441 986 555 1063 habet,
588 1005 647 1051 avo
670 984 724 1051 vel
745 1003 865 1070 proavo
885 983 1025 1049 naturali
1048 985 1222 1050 secundum
1245 988 1368 1048 nostrae

187 1095 432 1158 constitutiones
463 1109 558 1176 super
584 1091 635 1155 iris
665 1090 791 1154 habitas
821 1093 856 1154 in
880 1089 1080 1176 adoptionem
1104 1089 1239 1167 dederit,
1264 1086 1371 1154 idest

191 1200 221 1263 ei
243 1199 303 1264 hoc
325 1200 434 1284 ipsum
457 1199 536 1262 actis
558 1196 842 1261 intervenientibus
865 1195 948 1281 apud
972 1199 1206 1280 competentem
1228 1195 1370 1260 indicem

186 1304 427 1381 manifestavit,
460 1306 623 1389 praesente
651 1321 689 1366 eo
716 1303 773 1386 qni
803 1301 973 1387 adoptatur
998 1306 1031 1366 et
1054 1321 1117 1366 non
1138 1300 1371 1366 contradicente

190 1430 250 1474 nec
277 1410 339 1473 non
370 1428 406 1474 eo
438 1409 494 1492 qui
524 1407 668 1492 adoptat,
700 1406 837 1473 solvitur
860 1407 989 1491 quidem
1011 1408 1063 1472 ius
1083 1408 1250 1492 potestatis
1269 1405 1370 1492 patris

158 1551 161 1557 ·
194 1513 366 1591 naturalis,
392 1515 507 1578 transit
530 1518 639 1578 autem
661 1514 694 1576 in
717 1512 904 1578 huiusmodi
924 1517 1089 1598 parentem
1112 1512 1314 1596 adoptivum,
1336 1511 1373 1573 in
1479 1511 1480 1528 ³

190 1623 285 1685 cuius
325 1639 458 1704 persona
500 1617 703 1703 adoptionem
736 1618 956 1703 plenissimam
991 1639 1057 1684 esse
1093 1623 1185 1683 antea
1219 1617 1372 1681 diximus.

191 1723 280 1789 iilud
303 1729 412 1790 summ
435 1727 514 1790 scire
538 1727 681 1808 oportet,
706 1724 805 1807 quod,
829 1727 858 1789 si
879 1745 978 1789 nurus
1000 1728 1058 1789 tua
1079 1745 1118 1788 ex
1136 1722 1203 1788 filio
1220 1726 1277 1787 tuo
1296 1741 1370 1787 con-
1398 1741 1416 1785 a

193 1831 314 1914 ceperit
337 1833 369 1893 et
390 1827 495 1893 filium
514 1834 623 1914 postea
642 1832 891 1914 emancipaveris
909 1828 962 1895 vel
980 1831 1014 1893 in
1033 1829 1236 1914 adoptionem
1247 1827 1374 1893 dederis

193 1939 386 2022 praegnante
408 1950 492 1998 nuru
514 1938 587 2012 tua,
612 1935 714 2000 nihilo
732 1936 841 2000 minus
860 1935 944 2020 qnod
963 1955 1001 1998 ex
1019 1955 1056 2000 ea
1073 1936 1214 1998 nascitur
1231 1935 1266 1997 in
1282 1938 1374 2017 pote·

192 2045 277 2107 state
294 2043 351 2105 tua
369 2042 526 2105 nascitur:
549 2039 679 2124 quodsi
697 2046 769 2125 post
788 2041 1072 2125 emancipationem
1091 2038 1144 2104 vel
1165 2037 1371 2123 adoptionem

17 2173 19 2176 ·
108 2205 111 2210 .
193 2147 290 2211 fuerit
317 2150 520 2231 conceptum,
549 2147 722 2231 patris-sui
749 2148 941 2232 emancipati
962 2145 1015 2210 vei
1039 2147 1093 2211 avi
1115 2144 1258 2228 adoptivi
1280 2150 1372 2229 pote-

193 2253 270 2317 stati
300 2252 469 2316 subicitur:
504 2255 536 2316 et
562 2251 647 2336 quod
674 2273 775 2336 neque
797 2251 958 2317 naturales
981 2249 1077 2315 liberi
1098 2269 1199 2334 neque
1222 2249 1371 2334 adoptivi
1400 2271 1431 2315 ro
1479 2335 1480 2338 Ἴ

191 2357 260 2424 uilo
286 2377 385 2442 paene
404 2358 499 2424 modo
522 2361 654 2443 possunt
677 2378 788 2446 cogere
812 2361 976 2444 parentem
997 2357 1036 2421 de
1058 2359 1214 2442 potestate
1236 2375 1293 2420 sua
1316 2355 1396 2423 eos‘,
1479 2439 1480 2442 Ἴ

189 2463 366 2529 dimittere.
940 2484 942 2489 ·
