2890 4616
512 89 566 140 en
590 71 644 157 iv,
658 74 687 158 s
710 74 760 140 re.
1169 74 1233 140 ese

39 273 136 325 suam
165 279 311 346 causam,
343 263 426 346 sieut
459 261 543 340 dixi,
577 281 648 326 ecee
671 263 733 327 tibi
757 262 933 328 vindictam
954 265 959 348 Ι
983 265 1149 354 (imposui)
1162 263 1188 352 1Ι
1201 261 1228 330 !'’
1254 285 1280 330 rs

40 368 75 429 et
104 366 202 431 simul
221 368 344 433 homini
367 368 523 434 festucam
546 368 746 454 imponebat;
773 355 982 446 adlversarius
1008 371 1118 437 eadem
1143 373 1230 436 simi·
1254 391 1280 436 re

37 468 117 536 liter
140 473 264 539 dicebat
288 478 319 539 et
341 475 495 554 faciebat3
521 496 596 540 curn
617 477 622 560 Ι
643 479 776 561 uterque
800 475 1010 562 vindicasset,
1035 481 1161 564 praetor
1184 479 1230 543 di·
1252 497 1280 543 ac

38 579 151 644 cebat:
184 579 355 668 ,miqrqu
386 581 479 646 ambo
509 579 713 646 hominem”l
745 582 796 646 illi
833 583 1016 663 mittebant;
1055 587 1111 669 qui
1146 586 1232 670 prior
1253 604 1278 648 er

38 685 263 772 vindicaberis
293 687 442 771 dicerat:
482 687 646 774 „postulo,
682 709 763 754 anne
789 689 795 773 Ι
822 688 924 767 dicas,
962 710 1024 775 qua
1061 711 1099 754 er
1135 711 1229 756 eausa
1253 709 1280 754 ss

3 786 7 792 ’
40 792 257 859 vindicaveris
265 789 296 857 l’'
318 791 375 858 ille
397 794 622 878 respondebat:
649 796 720 872 „ius
743 794 804 859 feei
819 793 856 880 Ἰ,
876 795 959 861 sicut
972 789 1157 884 vinidictam
1170 797 1231 861 im·
1254 817 1281 860 se

36 897 164 981 posui'’.
190 898 301 964 deinde
325 901 380 982 qui
402 903 488 986 prior
510 899 745 979 vindicaverat,
771 900 912 966 dicebat:
934 903 939 986 Ι
961 903 1108 987 „quando
1126 907 1163 968 tu
1182 905 1229 967 in·
1252 923 1280 968 st

39 1004 128 1069 iuria
157 1005 378 1083 vindicavisti,
392 1005 411 1094 ΙΙ
424 1008 608 1093 quingentis
640 1008 720 1072 aeris
744 1011 940 1072 sacramento
966 1012 997 1072 te
1023 1029 1158 1094 provoco
1172 1008 1230 1096 8)”.
1306 1006 1370 1072 194

38 1109 254 1177 Adversarius
277 1131 401 1197 quoque
424 1112 550 1179 dicebat
569 1113 576 1198 Ι
595 1111 796 1200 similiter⁴).
845 1113 951 1198 [Quod
971 1119 999 1176 a·
1023 1115 1060 1178 de
1083 1138 1116 1178 re
1138 1116 1231 1179 mino·
1253 1135 1267 1179 a
1286 1099 1371 1182 wlff)

37 1216 88 1279 ris
119 1239 203 1302 qaum
232 1219 314 1282 mille
343 1219 421 1284 ueris
451 1222 604 1303 effetatur]
636 1219 867 1306 quinquaginta
896 1229 979 1284 'asses
1007 1225 1232 1286 sacramentam

37 1324 269 1416 nominaqbant.
323 1322 444 1389 Deinde
477 1322 635 1411 [c]ad[em]
664 1323 875 1408 sequebantur
899 1329 1175 1409 quaecunque†⁵)
1199 1328 1233 1390 in
1256 1347 1269 1390 a

37 1447 210 1512 personam
243 1433 400 1516 ageretur.
448 1427 563 1495 Postea
583 1431 588 1514 Ι
609 1433 733 1514 praetor
760 1429 934 1494 secundum
958 1428 1092 1496 alterum
1120 1452 1229 1498 eorum
1254 1450 1305 1509 ae
1390 1487 1391 1490 ,

39 1531 201 1600 vindicias
226 1533 366 1618 dicebat,
391 1534 426 1599 id
446 1539 494 1599 est
513 1536 653 1627 inqterim
673 1534 813 1628 aliquem
833 1553 1040 1620 possessorem
1062 1539 1231 1602 constitue·
1254 1557 1268 1601 a

39 1639 118 1719 bat,
149 1659 285 1725 eumque
312 1638 459 1718 iubebat,
484 1639 614 1725 praedes
637 1639 815 1706 adversario
839 1640 913 1706 dare
935 1638 1004 1706 litis
1027 1646 1059 1708 et
1082 1641 1235 1710 vindicia-

86 1880 117 1955 1)
137 1880 170 1934 Id
195 1883 250 1938 est:
277 1898 328 1951 pro
352 1869 514 1939 condicione
535 1880 670 1950 hominis,
689 1882 764 1952 quod
783 1899 861 1937 meus
880 1881 919 1938 sit
937 1899 970 1938 ex
990 1880 1049 1939 iure
1068 1879 1233 1951 Quiritium,

41 1975 80 2027 ut
103 1971 175 2039 dixi,
195 1982 258 2026 eece
277 1971 364 2027 etiam
383 1972 465 2028 faeto-
477 1973 584 2040 indico,
604 1975 633 2028 te
652 1971 695 2026 ius
714 1989 807 2027 meum
826 1971 947 2027 laesisse.
970 2003 1002 2013 -—
1024 1973 1141 2045 Impositi
1160 1974 1233 2045 glos·

43 2077 127 2117 sema
149 2077 208 2117 esse
236 2063 331 2132 patet:
370 2079 460 2132 neque
488 2062 563 2117 enim
587 2073 723 2134 postquam
743 2062 812 2117 haee
832 2063 917 2117 verbs
944 2059 1153 2132 pronunciavit,
1173 2067 1235 2118 tum

44 2153 154 2207 denum
179 2150 357 2221 imponebat,
377 2153 426 2208 sed
445 2152 511 2207 dum
531 2152 713 2222 loquebatur,
735 2150 838 2206 »simul
857 2150 1045 2222 imponebat’.
1084 2154 1147 2209 Vel.
1167 2154 1234 2210 Pro·

46 2243 105 2296 bus
127 2239 280 2296 rectissime
299 2241 400 2298 habet:
422 2244 450 2296 S.
470 2244 499 2296 S.
524 2243 553 2298 Ο.
573 2244 602 2296 S.
622 2243 658 2296 D.
679 2243 715 2297 E.
740 2229 772 2296 Ti
795 2243 826 2296 V.
844 2259 883 2295 z:
902 2241 1052 2296 secundam
1072 2259 1150 2297 suam
1170 2235 1235 2297 cau-

46 2349 110 2386 sam
132 2330 204 2386 sieut
222 2329 281 2384 dixi
300 2346 363 2386 ecoe
382 2331 436 2388 tibi
455 2332 617 2388 vindictam.

89 2421 161 2494 2)1.
181 2437 218 2476 a:
238 2419 393 2477 dominium
413 2421 556 2492 acquisivi.
595 2421 646 2490 (of.
670 2420 824 2476 Exeursum
843 2419 880 2474 ad
899 2418 951 2476 Gai
970 2421 1006 2476 Il.
1027 2425 1043 2492 ς
1064 2421 1132 2494 224)
1151 2421 1236 2476 Gaius

44 2511 170 2582 speeiem
199 2510 269 2582 legis
295 2511 414 2568 aetionis
440 2513 614 2567 sacramento
640 2511 719 2566 nobis
745 2511 863 2567 tradidit
887 2528 944 2580 qua
970 2511 1008 2578 is,
1037 2511 1086 2580 qui
1114 2511 1236 2582 negabat

47 2600 196 2657 hominem
217 2600 352 2656 alienasse
372 2601 474 2657 vindex
488 2604 549 2656 erat
564 2601 593 2655 in
610 2617 689 2668 aum,
706 2601 755 2670 qui
765 2617 830 2655 eum
846 2600 996 2670 acquisisse
1005 2601 1127 2656 dicebat.
1147 2601 1235 2654 Erant

44 2694 146 2747 autem
163 2690 235 2746 aliae
257 2691 413 2762 complures
432 2691 545 2763 speeies.
584 2690 626 2744 of.
646 2690 742 2746 adnot.
762 2691 779 2744 3
798 2707 862 2762 pag.
883 2691 947 2745 353.

88 2781 114 2852 *Ι
132 2797 214 2852 »pag
234 2780 350 2836 interior
368 2779 501 2836 facillime
519 2779 652 2852 legitur''.
793 2835 795 2839 ,

90 2869 119 2937 3)
138 2870 180 2924 Ea
199 2870 321 2926 breviter
340 2869 463 2940 suspicor
481 2869 637 2939 antiquitus
654 2869 731 2926 diota
749 2887 807 2926 essa
822 2888 887 2941 pro:
898 2868 1153 2941 provocoteadIII
1164 2869 1238 2927 viros

46 2946 235 3028 sacramento,
255 2962 288 3015 ut
308 2959 462 3015 diiudicent
480 2959 554 3015 inter
571 2978 630 3027 nos,
646 2959 807 3032 quingentis
825 2961 910 3027 asris3
927 2959 1044 3030 siquas
1054 2959 1187 3014 annotavi
1198 2959 1234 3014 ad

47 3051 116 3121 §13
135 3051 260 3106 Lubente
281 3052 406 3121 tempore
426 3060 615 3105 sacramentum
635 3050 803 3106 vocobulum
813 3051 904 3121 ipsum
915 3066 961 3104 aes
972 3049 1125 3120 significare
1136 3049 1237 3119 eoepit.
1274 3050 1280 3060 “

79 3141 110 3211 4)
131 3143 171 3212 (et
201 3157 251 3212 ego
280 3142 309 3194 te
336 3139 408 3216 scil.)
428 3139 457 3194 Ο.
478 3139 537 3205 Quo
556 3140 723 3211 glossemate
743 3143 854 3211 recepto
873 3140 996 3210 genuina
1014 3139 1099 3195 verba
1118 3138 1172 3192 Gai
1191 3155 1238 3208 pe-

47 3231 174 3296 rierunt,
194 3247 265 3300 quae
285 3229 414 3299 equidem
434 3245 449 3284 e
468 3229 629 3286 coniectura
647 3230 719 3284 mihi
738 3230 891 3302 repperisse
909 3231 985 3285 visus
1005 3247 1075 3283 sum.
1096 3228 1167 3283 Edd.
1186 3247 1239 3283 om-

45 3339 108 3387 ues,
134 3322 271 3390 quantum
295 3336 346 3390 ego
367 3319 438 3386 seio,
457 3321 532 3376 huuc
552 3321 645 3375 locum
663 3320 705 3375 ita
718 3322 838 3376 habent:
859 3322 1035 3375 Adversarius
1054 3337 1152 3390 quoquc
1171 3321 1238 3373 dice-

48 3413 103 3466 bet:
133 3411 290 3464 ›ssimiliter
317 3427 363 3480 eqo
387 3409 450 3464 te””
479 3409 527 3464 Kr.
558 3410 598 3464 St.
629 3413 762 3466 »similiter
786 3421 810 3466 et
835 3429 882 3481 eqo
910 3415 948 3464 te’'
974 3407 1059 3476 Quasi
1085 3424 1148 3464 vero
1166 3407 1237 3461 istae

47 3499 138 3556 verba
157 3498 304 3554 »similiter
323 3497 395 3554 ete?
414 3494 560 3554 sollemnia
575 3503 676 3554 esseut.
698 3500 752 3554 Sed
771 3499 815 3554 fac
834 3516 867 3554 ea
887 3515 954 3565 esse,
973 3497 1042 3567 quid
1061 3495 1238 3568 significatio

46 3588 104 3642 Gai
131 3589 222 3645 verbis
240 3587 311 3644 illud
332 3589 500 3660 ›quoque”i
542 3589 640 3658 Neque
659 3605 756 3659 porro,
776 3607 819 3643 seu
838 3591 872 3646 ut
891 3587 1013 3657 Savigny
1042 3603 1091 3655 pro
1112 3583 1203 3659 soil(

47 3677 169 3742 scilieet)
187 3679 279 3735 voluit
297 3679 333 3734 ad
353 3679 497 3748 sequentia
515 3670 581 3748 alite
600 3677 721 3748 quadrat
739 3693 828 3747 neque
846 3676 937 3746 ipsum
953 3668 1026 3729 ill'ud
1043 3677 1146 3730 scilicet.
1172 3673 1239 3728 Cae·
1267 3709 1270 3712 -

45 3771 145 3823 terum
171 3787 235 3825 cum
261 3786 333 3825 anno
360 3768 432 3824 1877
460 3785 553 3824 meuse
571 3767 673 3823 Martio
693 3768 722 3821 in
745 3769 863 3822 Themide
882 3765 1029 3821 scriberem
1053 3765 1087 3819 de
1106 3762 1176 3836 legis
1195 3781 1239 3818 aa·
1349 3765 1351 3768 ’

47 3859 131 3914 tione
147 3862 321 3916 sacramento
337 3862 367 3915 et
380 3859 440 3930 ipse
453 3861 548 3930 lapsus
559 3876 634 3926 sum,
644 3860 771 3913 statuens
781 3857 866 3913 verba
875 3871 934 3911 esse
946 3857 1080 3925 concepta
1091 3850 1237 3910 »similiter

48 3949 128 4004 εἴθ’.
147 3982 179 3992 -
198 3951 242 4005 Ae
260 3967 387 4021 »quoque
401 3950 513 4005 dicebat
524 3949 669 4004 similiter’'
681 3949 825 4018 utsupra:
837 3946 952 4002 »eadem
963 3944 1091 4000 similiter
1101 3942 1239 4000 dicebat.”

91 4042 125 4110 5)
144 4040 212 4096 Post
230 4040 429 4110 quaecunque”
447 4043 494 4110 uqi
512 4041 622 4095 dicimus
641 4058 698 4094 urin
718 4039 762 4094 vel
782 4037 872 4092 simile
892 4035 960 4106 quid
978 4035 1130 4090 intercidit.

96 4145 138 4216 ΙΙΙ
1186 4168 1212 4215 a
