2894 4616
240 49 307 120 422
594 65 678 120 ruer.
701 41 756 136 IV,
779 67 849 116 xm.
875 51 911 135 ξς
935 43 1077 118 10-11.

285 261 361 308 uam
396 239 486 308 linito
522 259 560 306 eo
595 243 738 326 tempore
769 259 833 306 non
864 238 1039 325 impeditur
1068 244 1156 306 actor
1185 261 1250 306 rem
1278 248 1376 329 exsequi.

240 369 315 436 ergo
337 349 391 433 hi,
415 347 531 434 quibus
554 345 639 412 intra
662 351 790 432 tempus
814 365 907 433 agere
930 345 1109 412 uolentibus
1129 348 1261 413 obicitur
1276 355 1376 436 exceptio

241 461 298 521 aut
328 455 411 538 pacti
434 454 663 522 consentiant
687 451 751 518 alia
773 451 907 536 similis,
931 451 1055 518 differre
1078 452 1192 518 debent
1214 457 1378 522 actionemet

239 566 311 647 post
340 567 468 647 tempus
499 576 610 648 agere:
642 558 713 626 ideo
743 560 831 624 enim
863 563 896 623 et
926 557 1091 624 dilatoriae
1120 559 1201 627 istae
1229 563 1380 646 exceptione

239 667 449 753 appellantur.
497 665 656 751 alioquin,
687 667 716 730 si
747 667 832 730 intra
860 669 988 748 tempus
1020 667 1145 752 egerint
1177 667 1340 753 obiectaque
1355 671 1380 734 sit

151 859 153 864 Ι
242 777 401 860 exceptio,
437 794 539 860 neque
574 792 610 838 eo
645 771 764 838 indicio
797 770 972 857 quidquam
1005 779 1265 858 consequerentur
1294 781 1381 861 propter

238 881 457 966 exceptionem
479 901 537 946 nec
562 883 635 964 post
655 882 784 964 tempus
807 877 885 943 olim
909 897 1003 966 agere
1025 885 1186 964 poterant,
1212 902 1282 946 cum
1301 887 1382 948 unce

238 1007 307 1052 rem
338 986 373 1052 in
403 985 562 1052 iudicium
586 984 783 1050 deducebant
807 989 840 1050 et
862 986 1106 1062 consumebant,
1131 1007 1193 1072 qua
1216 987 1324 1054 ratione
1341 1010 1383 1053 ren

239 1094 438 1160 amittebant.
462 1090 557 1158 hodie
575 1093 685 1156 autem
706 1110 770 1156 non
788 1091 836 1156 ita
855 1092 966 1157 stricte
984 1091 1063 1156 haec
1080 1093 1382 1176 procederevolunuq

237 1199 292 1264 sed
327 1221 420 1284 eum,
455 1198 511 1284 qui
545 1201 620 1263 ante
654 1201 782 1282 tempus
817 1199 974 1282 pactionis
1009 1196 1062 1262 vel
1097 1197 1299 1286 obligationis
1323 1199 1383 1265 iiten

235 1306 351 1372 inferre
380 1326 476 1372 ausus
508 1307 572 1380 eet,
601 1301 798 1368 Zenonianae
821 1303 1041 1370 constitutioni
1062 1305 1226 1372 subiacere
1248 1326 1383 1380 censemus,

240 1433 338 1497 quam
360 1410 593 1478 sacratissimus
615 1407 781 1496 legislator
802 1408 841 1474 de
864 1409 915 1474 his
938 1413 993 1496 qui
1017 1415 1157 1495 tempore
1181 1411 1256 1498 plus
1272 1414 1387 1497 petierunt

239 1519 390 1605 protulit,
421 1523 459 1584 ut
490 1521 522 1583 et
553 1515 716 1593 induciae,
749 1534 859 1610 quas,
875 1515 903 1580 si
925 1515 993 1600 ipse
1016 1521 1103 1582 actor
1125 1523 1239 1601 sponte
1259 1516 1384 1582 indulserit

236 1624 291 1690 vel
319 1631 435 1690 natura
465 1621 597 1688 actionis
626 1621 784 1704 continet,
807 1625 1054 1706 contempserat,
1077 1624 1111 1686 in
1133 1624 1271 1710 duplum
1291 1625 1386 1690 habeant

240 1730 293 1809 bi,
319 1734 375 1817 qui
397 1729 496 1796 talem
519 1727 673 1794 iniuriam
696 1727 781 1812 passi
803 1733 895 1804 sunt,
920 1733 953 1794 et
975 1733 1047 1815 post
1065 1750 1117 1796 eas
1135 1728 1246 1796 finitas
1263 1728 1386 1795 nonalia

236 1835 330 1902 litem
360 1835 552 1922 suscipiant,
578 1832 641 1898 nisi
661 1852 771 1898 omnes
794 1854 946 1919 expensas
968 1834 1036 1900 litis
1056 1840 1148 1902 antea
1172 1836 1351 1921 acceperint,
1366 1848 1386 1894 n

239 1946 361 2010 actores
384 1942 443 2010 tali
465 1959 565 2027 poena
587 1941 748 2024 perterriti
771 1944 915 2026 tempora
932 1940 1044 2008 lidum
1063 1942 1239 2008 doceantur
1256 1942 1386 2007 observare

237 2048 406 2115 Praeterea
436 2050 534 2114 etiam
565 2065 604 2112 ex
631 2063 764 2130 persona
787 2045 953 2114 dilatoriae
980 2053 1055 2114 sunt
1078 2051 1297 2133 exceptiones:
1317 2045 1403 2130 qualeu

238 2160 313 2220 sunt
344 2139 593 2241 procuratoriae,
625 2150 729 2219 veluti
760 2153 789 2216 si
818 2171 875 2237 per
897 2153 1038 2219 militem
1062 2159 1118 2220 aut
1140 2155 1310 2221 mulierem
1329 2173 1386 2239 apere

236 2261 308 2344 quis
337 2260 434 2328 velit:
465 2278 540 2326 nam
571 2257 733 2324 militibus
764 2277 822 2324 nec
850 2279 907 2345 pro
938 2264 1028 2346 patre
1051 2260 1103 2326 vel
1125 2267 1233 2328 matre
1256 2260 1304 2327 vel
1324 2277 1384 2323 uxos

232 2386 294 2436 neo
320 2374 360 2432 ex
391 2383 478 2432 sacro
500 2366 652 2450 rescripto
675 2365 891 2450 procuratorio
914 2369 1043 2432 nomine
1065 2369 1207 2452 experiri
1230 2366 1409 2433 euentus

237 2472 305 2537 suis
338 2491 413 2539 raro
446 2471 585 2560 negotiis
619 2490 781 2556 superesse
816 2472 886 2538 sine
919 2471 1034 2538 offensa
1064 2471 1257 2558 disciplinae
1287 2480 1384 2558 possut.

235 2597 289 2644 eas
318 2598 394 2646 vero
425 2578 644 2662 exceptiones,
679 2596 760 2660 quae
792 2575 871 2642 olim
901 2579 1160 2664 procuratoribus
1194 2587 1316 2664 propter
1339 2577 1386 2640 ida·

234 2685 336 2750 miam
368 2682 420 2750 vel
451 2683 557 2750 dantis
581 2681 633 2747 vel
656 2683 758 2767 ipsius
780 2686 993 2767 procuratoris
1016 2685 1277 2770 opponebantur,
1299 2683 1386 2749 cumin

237 2788 365 2856 iudiciis
386 2789 580 2875 frequentari
603 2784 693 2853 nullo
716 2790 936 2872 perspeximus
956 2789 1070 2874 modo,
1089 2791 1309 2876 conquiescere
1324 2787 1385 2853 sauci

235 2915 330 2980 mus,
360 2914 422 2974 ne,
457 2894 537 2962 dum
575 2892 614 2958 de
647 2892 698 2969 his
730 2891 922 2979 altercatur,
952 2895 1054 2981 ipsius
1085 2898 1217 2982 neg-otii
1247 2891 1385 2980 disceptio

236 3000 420 3087 proteletur.
