3024 4574
200 62 247 128 60
619 77 703 126 ruer.
715 61 741 126 Ι.
765 79 809 124 m.
822 61 840 143 ς
854 57 951 123 1-2.

245 250 404 347 Adoptio
423 259 538 320 autem
561 247 701 330 duobus
722 244 838 317 modis
854 245 916 330 fit,
930 259 990 317 aut
1001 246 1188 343 principali
1201 251 1372 345 rescripto
1398 268 1410 310 r

85 379 91 388 ”
198 376 258 436 aut
281 363 428 460 imperio
455 363 691 458 magistratus.
743 361 963 455 imperatoris
990 359 1196 432 auctoritate
1217 361 1375 460 adopta-

197 504 275 548 mus
306 501 367 546 eos
402 499 523 564 easve‚
559 477 620 572 qui
647 498 780 571 quaeve
805 473 859 544 sui
885 472 971 541 iuris
995 483 1086 542 sunt.
1126 500 1214 570 quae
1239 477 1376 572 speeies

199 588 400 685 adoptionis
440 587 571 658 dieitur
603 585 798 685 adrogatio.
850 585 996 681 imperio
1030 586 1255 684 magistratus
1280 588 1379 659 ado-

199 712 339 800 ptamus
378 724 439 769 eos
473 725 596 794 saeve,
630 699 692 798 qui
725 724 857 796 quaeve
891 698 928 767 in
970 709 1140 794 potestate
1177 703 1373 796 parentium

193 802 300 902 sunt,
334 813 408 883 sive
445 813 596 908 primum
629 811 779 911 gradum
811 809 1003 881 liberorum
1030 813 1231 908 optineant,
1260 813 1374 911 qualis

199 938 254 999 est
285 925 380 997 filius
410 924 503 1012 fitia,
536 927 610 996 sive
643 924 866 1016 inferiorem,
891 923 1005 1021 quaiis
1033 936 1086 994 est
1111 951 1221 1022 nepos
1246 929 1378 1024 neptis,

197 1065 377 1138 pronepos
401 1039 592 1134 proneptis.
640 1037 703 1103 Sed
726 1038 821 1103 hodie
843 1059 882 1102 ex
905 1043 1011 1103 rostra
1034 1041 1274 1118 consttutione,
1301 1063 1376 1106 oum
1399 1063 1413 1106 a

203 1153 290 1218 filius
313 1152 452 1218 familias
472 1173 490 1219 a
511 1158 600 1238 patre
619 1150 758 1216 naturali
778 1155 942 1236 extraneae
961 1171 1110 1235 personae
1130 1154 1164 1216 in
1176 1154 1377 1238 adoptionem

187 1261 313 1336 ¹datur,
344 1261 415 1324 iura
437 1261 602 1343 potestatis
625 1255 779 1322 naturalis
801 1259 901 1341 patris
923 1259 1057 1321 minime
1081 1258 1298 1324 dissolvuntur
1319 1281 1377 1325 neo

205 1366 379 1450 quidquam
410 1365 449 1428 ad
477 1375 600 1448 patrem
631 1363 816 1448 adoptivum
851 1365 965 1426 transit
996 1384 1052 1427 neo
1075 1365 1110 1427 in
1132 1369 1288 1448 potest-ate
1309 1368 1377 1430 eius

194 1478 262 1548 est,
286 1471 361 1534 licet
386 1470 425 1534 ab
447 1473 597 1534 intestato
619 1472 690 1533 iura
713 1470 916 1533 successionis
940 1471 970 1532 ei
994 1489 1012 1531 a
1034 1470 1125 1533 nobis
1147 1471 1268 1534 tributa
1291 1476 1377 1540 sunt.

194 1579 229 1641 si
252 1597 327 1642 vero
348 1579 437 1659 pater
459 1575 615 1640 naturalis
636 1594 698 1639 non
723 1580 888 1648 extraneo,
912 1573 966 1638 sed
985 1594 1043 1638 avo
1063 1573 1123 1638 filii
1143 1577 1193 1638 sui
1211 1582 1371 1654 materno,

202 1682 256 1747 vel
286 1684 314 1745 si
343 1683 410 1765 ipse
434 1687 524 1764 pater
547 1678 701 1743 naturalis
724 1678 820 1743 fuerit
845 1680 1078 1763 emancipatus,
1105 1682 1203 1745 etiam
1227 1687 1376 1766 patemo,

199 1787 253 1852 vel
274 1805 388 1871 proavo
408 1785 509 1849 simili
527 1785 622 1849 modo
640 1790 770 1869 paterno
788 1783 842 1848 vel
859 1791 1002 1848 materno
1021 1784 1124 1849 filium
1145 1807 1239 1850 suum
1253 1788 1376 1853 dederit

203 1896 237 1957 in
261 1893 479 1975 adoptionem:
504 1893 538 1954 in
560 1891 620 1955 hoo
644 1911 717 1954 casu
738 1893 813 1974 quia
832 1893 865 1953 iu
885 1912 981 1954 unam
1001 1911 1166 1975 personam
1187 1901 1378 1958 concurrunt

204 2005 237 2063 et
259 1996 418 2062 naturalia
433 2005 465 2060 et
481 1997 658 2081 adoptionis
676 1999 762 2072 iura,
784 2001 892 2060 manet
913 1995 1026 2060 stabile
1043 1999 1094 2060 ius
1113 1999 1212 2082 patris
1232 1999 1376 2084 adoptivi

194 2109 234 2168 et
256 2100 395 2167 naturali
418 2102 546 2167 viuculo
570 2100 752 2186 copulatum
777 2106 809 2165 et
828 2101 975 2188 legitimo
995 2103 1171 2187 adoptionis
1189 2106 1283 2169 modo
1303 2127 1376 2171 oon·

202 2211 365 2282 strictum,
387 2213 425 2271 ut
449 2214 481 2271 et
503 2209 537 2270 in
559 2207 682 2271 familia
705 2213 736 2270 et
761 2210 795 2270 in
817 2213 971 2290 potestate
991 2207 1175 2274 huiusmodi
1189 2212 1376 2294 patrisado-

121 2407 123 2412 Ι
200 2317 283 2400 ptivi
307 2316 358 2379 sit.
