2890 4616
227 4 294 69 314
587 17 671 69 ruer.
696 1 750 67 IV.
775 19 798 67 1.
824 1 861 86 §§

224 191 363 288 1888811
381 201 593 263 armentum.
622 189 681 260 sed
707 189 841 288 siquid
866 215 986 260 888888
1008 215 1073 286 888
1092 189 1274 260 lasciviam
1291 201 1374 261 81888

226 304 309 376 data
331 329 456 401 opera,
478 314 517 374 81
537 303 667 375 furtum
696 303 960 388 admitteretur,
989 303 1119 374 factum
1141 313 1215 394 881,
1235 307 1268 368 18
1289 305 1374 370 factm

229 419 297 485 dari
317 419 439 484 debeat.
477 425 510 483 at
528 419 586 483 ubi
607 439 665 504 ope
684 419 806 484 Maevii
826 418 931 483 Titius
951 419 1074 482 furtum
1089 419 1213 494 fecerit,
1227 419 1376 482 ambofurti

225 529 384 589 tenentur.
420 545 478 610 ope
501 524 632 590 consilio
658 528 726 590 eius
751 545 875 610 quoque
897 526 1020 589 furtum
1045 525 1175 589 admitti
1195 525 1329 600 videtur,
1343 529 1377 608 qu'

227 631 327 698 scalas
338 631 418 696 forte
430 632 575 697 fenestris
587 633 736 716 supponit
749 637 804 696 aut
817 635 900 716 ipsas
912 631 1064 696 fenestras
1072 630 1124 695 vel
1133 633 1253 695 ostium
1261 631 1378 717 effringit,

224 742 262 802 ut
282 738 363 804 alius
383 738 505 802 furtum
523 739 658 822 faceret,
673 741 769 822 quive
781 739 972 802 ferramenta
985 738 1024 802 ad
1036 737 1268 824 effringendum
1282 744 1380 801 88188-

225 842 274 908 188
297 849 335 908 81
357 843 503 910 fenestris
523 852 774 929 supponerentur
793 844 1054 920 commodaverit,
1075 847 1176 908 sciens
1196 845 1289 907 ouius
1306 847 1379 930 gratia

228 952 487 1016 commodaverit.
512 956 595 1016 certe
608 953 663 1034 qui
676 950 798 1015 nullam
811 971 938 1035 operam
947 949 985 1014 ad
998 949 1118 1012 furtum
1132 950 1311 1014 faciendum
1323 950 1382 1013 adhi-
1390 953 1407 1012 ’8

225 1056 307 1130 buit,
327 1056 380 1121 sed
400 1061 526 1121 tantum
541 1057 707 1121 consilium
724 1057 811 1120 dedit
823 1060 918 1139 atque
930 1056 1075 1120 hortatus
1087 1061 1134 1121 est
1147 1057 1185 1120 ad
1198 1057 1381 1120 1881888181-
1414 1077 1415 1094 ¹

229 1163 357 1240 endum,
377 1183 440 1227 non
456 1167 581 1229 tenetur
592 1163 681 1228 furti.
709 1162 765 1238 Hi,
780 1164 835 1246 qui
848 1165 880 1225 in
891 1168 1060 1246 parentum
1072 1162 1125 1228 vel
1136 1163 1335 1227 dominorum
1347 1163 1397 1246 (itu

226 1273 382 1353 potestate
402 1276 492 1346 sunt,
513 1273 541 1334 si
557 1292 624 1335 rem
645 1272 691 1334 818
709 1270 904 1353 subripiant,
927 1269 1049 1333 furtum
1062 1268 1192 1352 quidem
1203 1267 1273 1332 iliis
1292 1269 1382 1332 faciut

226 1379 258 1437 et
290 1395 340 1438 res
371 1377 405 1439 in
433 1376 587 1441 furtivam
619 1396 746 1440 causam
776 1375 862 1438 cadit
891 1396 948 1438 nec
980 1375 1019 1440 ob
1050 1374 1083 1438 id
1115 1375 1154 1438 ab
1185 1373 1384 1456 8118888888

223 1485 343 1566 potest,
376 1487 547 1566 antequam
578 1485 611 1545 in
642 1482 763 1546 domini
793 1486 984 1565 potestatem
1015 1487 1211 1556 revertatur,
1247 1483 1304 1546 sed
1330 1482 1384 1544 furti

221 1589 321 1651 actio·
338 1609 400 1653 uon
431 1590 591 1663 nascitur,
623 1591 698 1672 quia
726 1608 783 1652 888
815 1608 853 1651 ex
884 1587 947 1650 8118
978 1586 1046 1651 8118
1075 1609 1168 1652 88888
1196 1594 1305 1672 potest
1325 1591 1384 1650 inter

219 1713 275 1758 eos
293 1697 376 1760 actio
393 1697 498 1758 nasci:
519 1697 546 1759 si
564 1715 638 1760 vero
658 1715 717 1778 ope
736 1693 868 1758 consilio
880 1693 1012 1758 alterius
1024 1692 1146 1756 furtum
1157 1694 1284 1758 factum
1295 1694 1384 1772 18888,
1397 1720 1407 1752 a

222 1801 299 1883 quia
320 1803 432 1884 utique
455 1801 577 1865 furtum
598 1803 830 1883 committitur,
852 1801 1074 1864 convenienter
1090 1798 1146 1863 1118
1166 1800 1248 1863 18811
1267 1805 1385 1870 tenetur,
1416 1871 1417 1876 ἵ

227 1908 436 1989 quieveram
461 1911 508 1971 est
532 1927 589 1992 ope
613 1905 743 1972 consih'o
767 1908 836 1970 eius
859 1906 983 1970 furtum
1006 1906 1126 1968 factum
1151 1883 1256 1972 esse..

270 2009 373 2080 Furti
395 2021 510 2087 autem
533 2013 625 2081 88118
649 2013 680 2082 81
703 2012 886 2106 competit,
901 2012 1000 2080 cuius
1013 2011 1095 2080 iuter
1105 2021 1159 2080 881
1170 2035 1247 2080 rem
1262 2011 1340 2081 sai·
1352 2013 1401 2096 (att

221 2149 301 2193 vam
323 2149 422 2214 8888,
443 2123 529 2194 11881
549 2124 713 2195 dominus
732 2149 802 2194 non
825 2123 889 2194 8118
911 2125 1028 2220 itaque
1051 2147 1116 2193 888
1141 2122 1288 2195 dominu
1310 2124 1388 2195 aliter
1415 2139 1416 2144 ’

225 2238 412 2336 competit,
438 2265 544 2336 quam
567 2239 596 2308 si
619 2239 692 2308 eius
714 2239 851 2308 intersit
873 2263 945 2306 rem
970 2262 1041 2306 non
1062 2238 1190 2332 888188.
1230 2236 1402 2320 1188188818

224 2360 365 2420 8888181
390 2350 599 2421 creditorem
626 2350 671 2421 de
696 2352 845 2447 pignore
872 2349 1039 2447 subrepto
1065 2348 1149 2419 f'urti
1170 2375 1279 2447 agere
1292 2375 1389 2446 88888,

223 2466 350 2530 etiamsi
384 2466 534 2530 idoneum
571 2466 745 2532 debitorem
780 2465 913 2550 habeat,
949 2467 1024 2549 quia
1058 2465 1185 2548 expedit
1215 2467 1247 2529 ei
1283 2465 1387 2552 pignori

222 2573 329 2656 potius
358 2573 542 2637 incumbere
572 2593 668 2655 quam
702 2574 736 2636 in
767 2591 935 2656 personam
958 2589 1071 2658 agere:
1096 2571 1173 2635 adeo
1198 2569 1328 2656 quidem
1348 2575 1386 2650 ut,

221 2676 382 2773 quamvis
415 2678 490 2772 ipse
525 2675 665 2773 debitor
689 2703 765 2747 eam
793 2703 867 2747 rem
893 2673 1125 2771 subripuerit,
1153 2671 1266 2744 nibiio
1294 2675 1388 2742 minus

223 2788 391 2859 creditori
423 2791 590 2885 competit
623 2792 717 2861 88118
742 2789 837 2860 furti.
889 2790 980 2859 Item
1006 2790 1036 2858 si
1057 2787 1146 2857 fullo
1173 2786 1403 2884 poliendatrit

223 2901 422 2973 curandave
455 2914 515 2974 881
547 2905 743 2975 sarcinator
777 2894 960 2974 sarcienda
996 2904 1204 2973 vestimenta
1246 2897 1387 2970 mercede
1418 2909 1419 2922 ¹

223 3005 318 3086 certa
345 3017 522 3113 acceperit
547 3043 657 3116 eaque
683 3017 777 3087 18818
803 3018 979 3100 amiserit,
1005 3017 1080 3112 ipse
1105 3015 1192 3083 furti
1217 3012 1326 3083 habet
1343 3037 1387 3081 88·

220 3129 377 3218 tionem,
414 3155 485 3199 non
519 3129 703 3224 dominus,
738 3131 820 3229 quia
852 3129 987 3200 domini
1021 3125 1109 3197 nihil
1146 3129 1294 3198 interest
1330 3150 1384 3194 ean

221 3267 297 3312 rem
331 3269 402 3312 non
431 3243 566 3338 perire,
602 3270 682 3314 cum
708 3243 839 3314 iudicio
865 3239 971 3314 iocati
997 3268 1017 3311 a
1044 3239 1179 3311 fullone
1205 3250 1266 3310 aut
1291 3238 1386 3310 88881-

222 3366 347 3427 nature
380 3381 455 3426 rem
490 3383 588 3426 suam
620 3357 783 3455 persequi
818 3367 943 3453 881881.
991 3356 1045 3422 sed
1068 3361 1100 3420 81
1122 3355 1223 3420 bonae
1245 3353 1318 3418 fidei
1338 3373 1383 3416 en·

220 3472 305 3556 81881
328 3471 532 3554 subreptura
557 3493 652 3556 quam
678 3475 805 3548 emerit,
832 3472 979 3555 quamvis
1003 3471 1150 3535 dominus
1174 3489 1236 3533 non
1257 3473 1319 3546 sit,
1337 3488 1384 3531 on·

221 3577 350 3642 nimodo
374 3579 526 3661 competit
545 3580 624 3642 furti
643 3581 739 3656 aetio,
759 3577 1081 3668 quemadmodum-et
1101 3575 1256 3642 creditori.
1293 3571 1382 3638 fulloni

221 3704 296 3749 vero
326 3689 358 3748 et
388 3686 573 3748 sarcinatori
592 3705 654 3749 non
679 3684 772 3750 aliter
795 3685 873 3750 furti
897 3687 1074 3768 competere
1096 3681 1234 3767 placuit,
1259 3701 1348 3766 quam
1365 3677 1382 3737 81

221 3788 371 3856 solvendo
404 3792 485 3868 sint,
523 3791 582 3856 boc
618 3797 665 3858 est
700 3793 727 3856 81
759 3792 888 3856 domino
921 3793 968 3856 rei
998 3791 1253 3858 aestimationem
1284 3785 1380 3852 solvere

220 3895 358 3981 possint:
384 3919 466 3964 nam
491 3896 521 3965 81
549 3893 721 3966 solvendo
748 3908 944 3987 8888881,
966 3906 1048 3966 tunc
1069 3895 1151 3992 quia
1173 3893 1218 3964 ab
1236 3895 1288 3964 eis
1305 3913 1380 3961 suun

220 4005 384 4077 dominus
409 4009 577 4104 curiaequi
604 4035 676 4079 non
697 4010 829 4104 possit,
844 4010 912 4104 ipsi
933 4007 1078 4078 dominc
1097 4007 1181 4078 furti
1199 4007 1382 4079 88118888·

218 4120 323 4217 petit,
363 4119 444 4217 quia
479 4117 547 4190 boe
584 4145 668 4191 casu
704 4123 814 4217 ipsius
852 4125 998 4193 interest
1035 4149 1110 4194 rem
1150 4121 1281 4193 salvam
1317 4139 1379 4187 8888

1261 4441 1419 4533 A
