3024 4574
567 101 621 148 an
642 83 667 147 1.
692 84 728 166 §t
741 78 885 146 57-61.
1267 75 1309 141 aa

130 271 360 357 principalibus
387 271 677 362 constitutilenibus
700 271 895 336 connubium
919 291 993 334 cum
1017 269 1066 332 his
1089 267 1198 332 latinis
1220 285 1307 350 pere·
1330 285 1356 328 sa

131 380 289 464 grinisve,
311 377 316 462 Ι
337 398 414 462 quas
437 382 556 462 primes
578 383 650 462 post
668 380 853 443 missionem
865 397 978 442 uxores
990 375 1139 439 duxerint
1146 393 1154 450 ;
1177 371 1182 458 Ι
1202 373 1302 456 etqui
1324 389 1360 451 ιι,
1373 391 1398 434 u

132 504 170 548 ex
202 503 238 548 eo
269 486 473 550 matrinionio
506 487 677 548 naseuntur
704 489 736 548 et
759 486 844 548 cives
867 482 1004 547 Romani
1027 487 1059 545 et
1082 483 1116 544 in
1140 461 1306 564 poltestate
1330 497 1356 541 ιιι

131 593 301 674 parentum
323 587 415 655 fiunt.
438 590 442 676 Ι

21 691 161 782 osa>
1227 721 1231 728 ·
1325 688 1421 774 ιιι)

131 800 217 868 Nam
241 821 260 866 o
282 802 494 884 quorumdam
516 803 638 886 nuptiis
662 802 819 866 abstinere
843 801 1002 866 debemus.
1027 801 1032 883 Ι
1332 815 1358 858 sa

20 907 49 994 Ι)
61 905 117 994 59)
177 905 265 971 Inter
288 927 340 972 eas
360 911 445 972 enim
466 927 632 994 personas,
653 927 732 992 quoe
748 913 916 992 parentum
934 906 1149 972 liberorumve
1167 902 1275 968 locum
1295 903 1300 986 Ι
1332 921 1359 965 sc

132 1015 217 1077 inter
247 1033 280 1077 se
312 1013 470 1091 obtinent,
501 1017 632 1099 nuptiae
654 1014 797 1079 contrahi
820 1033 883 1078 non
903 1014 909 1097 Ι
928 1017 1076 1098 possunt,
1099 1031 1200 1095 neque
1222 1011 1306 1072 inter
1327 1026 1363 1082 ιι,
1376 1025 1402 1070 ιι

133 1139 186 1184 eas
216 1119 410 1184 connubium
436 1125 501 1184 est:
526 1118 629 1186 veluti
652 1122 737 1183 inter
760 1123 883 1204 patrem
904 1119 910 1205 Ι
930 1123 962 1184 ct
985 1115 1104 1192 filiam,
1127 1120 1132 1201 Ι
1151 1115 1205 1183 vel
1227 1117 1310 1179 inter
1332 1133 1359 1177 aa

133 1230 272 1290 matrem
296 1230 328 1289 et
350 1222 473 1301 filium,
497 1225 551 1290 vel
573 1227 657 1290 inter
680 1245 778 1290 avum
805 1231 837 1290 et
859 1219 1016 1310 nelptem‚
1041 1229 1074 1288 et
1096 1225 1124 1288 si
1143 1221 1223 1287 tales
1242 1241 1310 1306 per·
1331 1239 1358 1284 ss

132 1350 227 1395 sonae
248 1333 332 1395 inter
355 1351 388 1395 se
411 1333 562 1414 coierint,
585 1327 748 1410 nefariasll
761 1335 793 1396 et
816 1333 951 1396 incestas
972 1332 1100 1414 nuptias
1123 1329 1313 1394 contraxisse
1383 1322 1425 1388 16

133 1435 285 1500 dicuntur
292 1456 301 1514 ;
336 1441 368 1501 et
397 1436 475 1502 haec
508 1437 596 1521 aldeo
622 1439 669 1501 ita
692 1441 782 1512 sunt,
807 1441 844 1500 ut
868 1438 1093 1520 quamvisper
1115 1434 1316 1518 adoptionem
1338 1405 1446 1496 affl)

133 1547 303 1627 parentum
326 1540 553 1640 libeproiumre
575 1542 645 1607 loco
670 1543 732 1606 sibi
756 1562 822 1606 esse
835 1543 1086 1626 coeperint,non
1098 1543 1219 1624 possint
1230 1540 1313 1605 inter
1335 1559 1349 1603 s

134 1667 167 1711 se
188 1645 194 1732 Ι
214 1648 420 1713 matrimonio
444 1650 611 1734 coniungi,
635 1650 670 1711 in
693 1652 840 1724 tantum,
867 1647 914 1712 ut¹
927 1649 1025 1713 etiam
1049 1645 1203 1710 dissoluta
1227 1644 1307 1732 ado-l
1331 1664 1346 1709 ι

133 1755 245 1836 ptione
266 1752 352 1816 idem
371 1755 452 1818 iuris
468 1757 606 1818 maneat.
637 1753 748 1836 Itaque
767 1773 855 1838 eam,
876 1773 956 1838 quae
974 1752 1058 1817 mihi
1069 1773 1125 1837 per
1145 1751 1150 1838 Ι
1171 1750 1310 1835 adoptio·
1333 1769 1382 1826 ac

134 1878 212 1924 nem
230 1855 314 1923 filiae
335 1879 390 1924 seu
409 1861 514 1944 neptis
531 1856 602 1924 loco
622 1879 689 1924 esse
700 1860 853 1943 coeperit,
866 1879 928 1924 non
949 1862 954 1943 Ι
975 1865 1082 1943 potero
1095 1877 1166 1923 eam
1179 1875 1311 1920 uxorem
1333 1877 1347 1922 r

15 1964 47 2049 ΙΙ
59 1961 121 2052 60)
136 1964 265 2040 ducere,
289 1968 436 2049 quamvis
460 1985 531 2030 eam
554 1965 843 2049 emancilpaverim.
857 1965 883 2052 ι)
906 1967 911 2049 Ι
931 1964 1017 2030 Inter
1037 1985 1089 2029 eas
1108 1981 1309 2049 quoqueper-
1331 1981 1382 2037 aa

134 2089 240 2148 sonas,
276 2089 356 2156 quae
388 2090 427 2136 ex
457 2077 634 2137 transverso
668 2072 771 2158 gradu
806 2065 999 2159 cog-nultione
1033 2073 1231 2158 iunguntur,
1262 2074 1310 2134 est
1332 2089 1359 2134 ιο

15 2175 47 2260 (§
59 2173 121 2264 61)
135 2175 293 2260 quaedam
312 2175 429 2241 similis
448 2178 644 2260 observatio,
665 2175 719 2241 sed
739 2178 745 2262 Ι
765 2197 828 2242 nen
847 2183 945 2242 tanta.
978 2175 1060 2242 Sane
1080 2179 1164 2241 inter
1178 2177 1310 2242 tratrem
1332 2197 1357 2242 ιι

135 2288 169 2346 et
198 2301 337 2347 sororem
364 2279 553 2366 prohibiltae
580 2287 655 2346 sunt
676 2285 825 2368 nuptiae,
849 2285 917 2349 sive
940 2283 1051 2350 eodem
1075 2287 1164 2368 petre
1187 2281 1312 2348 eadem-
1333 2302 1359 2348 ιι
1385 2282 1387 2287 ’

134 2406 196 2472 que
219 2393 322 2451 matre
342 2387 347 2471 Ι
367 2389 432 2452 nati
457 2387 594 2471 fuerint,
619 2391 686 2453 sive
709 2387 861 2454 alterutro
885 2409 994 2454 eorum
1009 2391 1045 2474 ³);
1070 2389 1310 2508 sedsicpiapesp
1333 2408 1360 2454 ιι

136 2494 339 2578 adoptionem
362 2513 448 2558 soror
470 2493 553 2558 mihi
576 2513 642 2559 esse
664 2496 821 2580 coeperit,
840 2496 994 2579 quamdiu
1014 2495 1019 2579 Ι
1040 2494 1169 2578 quidem
1185 2499 1308 2560 constat
1330 2514 1366 2579 ιι,
1379 2515 1406 2559 ιε
1508 2583 1509 2586 Ι

134 2598 262 2684 adoptio
286 2618 359 2664 sane
381 2601 465 2664 inter
488 2619 541 2663 me
563 2605 597 2665 et
619 2619 690 2664 eam
713 2603 844 2684 nuptiae
866 2621 928 2666 nen
949 2600 954 2686 Ι
973 2604 1104 2686 possunt
1123 2601 1309 2678 consistere,
1334 2618 1361 2664 ιι
1458 2655 1464 2668 .

133 2723 209 2768 curn
237 2724 312 2769 vero
342 2725 398 2789 per
430 2707 715 2790 emancipationem
735 2707 741 2790 Ι
761 2705 889 2792 adoptio
920 2705 1073 2770 dissoluta
1104 2707 1165 2790 sit,
1201 2701 1310 2790 potero
1333 2723 1358 2768 ιι

116 2939 321 2954 ‚du-*n*

166 3109 194 3180 1)
212 3107 371 3164 addendum
390 3109 515 3166 videtur:
536 3112 610 3166 »Sed
625 3130 671 3166 ceo
690 3128 862 3184 quascumque
882 3115 948 3168 cives
968 3113 1104 3169 Romanas
1122 3133 1214 3172 πονοι
1230 3117 1322 3174 ducere

124 3199 199 3254 nobis
216 3198 301 3266 licet''‚
321 3199 395 3254 unde
415 3198 513 3256 lustin.
533 3205 596 3271 (pro
615 3199 696 3256 initio
716 3199 761 3256 tit.
782 3201 829 3272 X.)
847 3202 993 3259 exhibuit:
1014 3222 1093 3274 »erqo
1112 3224 1164 3259 non
1183 3208 1257 3262 ete.’'

163 3291 190 3362 ¹⁸)
210 3307 291 3362 ›png.
316 3288 460 3346 exterioris
485 3289 597 3346 litterae
621 3289 759 3362 plurimae
784 3293 943 3363 temporum
962 3293 1213 3365 medicamentique
1231 3296 1324 3354 inuria

122 3378 286 3450 pallidiores
304 3395 355 3435 nec
375 3383 470 3434 tamen
491 3379 614 3434 incertae
634 3379 727 3435 sunt.''

163 3467 194 3538 2)
213 3467 488 3539 emancipaverimus.
509 3467 539 3524 Ο.

163 3559 192 3629 3)
213 3556 280 3612 eod.
304 3558 454 3614 lectionem
478 3561 587 3614 mutare
610 3559 702 3625 nolui,
722 3577 892 3630 quemquam
913 3562 1037 3617 »eomm'’
1055 3564 1182 3621 abundat
1200 3567 1230 3620 et
1250 3565 1322 3622 desi»

122 3647 240 3704 deratm
255 3646 332 3704 notio
355 3665 412 3717 qua
435 3647 622 3720 significatur,
641 3649 761 3705 altemm
785 3659 884 3706 tanum
903 3651 948 3706 vel
964 3651 1048 3708 solnm
1064 3669 1243 3712 *communem
1262 3672 1323 3712 esse

120 3739 269 3810 patentem
297 3737 392 3792 fratris
421 3740 452 3793 et
479 3738 587 3794 sororis.
625 3739 726 3794 Nescio
755 3741 850 3794 autem
878 3741 999 3811 primum
1028 3761 1064 3798 an
1091 3745 1210 3808 ¹fortasse
1235 3747 1321 3802 Gaius

120 3828 208 3900 paulo
233 3826 421 3899 negligentius
444 3827 578 3884 hocloco
598 3829 756 3899 scripserit,
777 3830 946 3901 »aliquando
965 3833 1059 3888 enim''
1079 3851 1149 3906 eq.
1170 3854 1200 3902 s.;
1220 3835 1321 3892 deinde

120 3935 187 3974 vero
214 3917 300 3972 etiam
324 3917 348 3971 si
374 3916 464 3973 subsit
487 3917 635 3985 mendum,
662 3937 718 3989 quo
741 3921 824 3977 modo
849 3921 875 3978 ei
900 3923 1068 3979 medendum
1095 3925 1132 3981 sit
1155 3944 1211 3982 non
1230 3927 1321 3985 rideo.

122 4007 177 4063 Sed
197 4022 263 4062 cave
282 4005 336 4062 loci
353 4006 546 4078 integritatem
569 4024 603 4062 ex
623 4009 790 4068 auetoritrtte
810 4011 908 4066 lustin.
929 4011 1072 4081 defendam
1091 4015 1196 4084 deque
1212 4034 1243 4071 re
1259 4018 1322 4073 ride

125 4112 198 4169 quse
216 4111 302 4168 snpra
320 4097 418 4154 couvi
436 4097 472 4151 sd
490 4101 509 4168 g
528 4099 574 4153 52.
