2916 4604
187 36 252 105 182
542 38 697 105 1111111.
722 57 755 104 11.
780 35 939 122 §§3³-5.

185 230 377 293 successione
411 232 590 317 incognita,
626 231 722 295 donec
756 234 931 314 praetores,
962 227 1119 314 paulatim
1150 204 1349 310 asperitatem

185 335 265 396 iuris
296 334 402 399 civilis
434 341 625 424 corrigentes
655 339 722 400 sive
753 337 835 420 quod
858 337 946 400 deest
969 333 1195 417 adimplentes,
1220 332 1353 394 humano

187 444 344 523 proposito
376 441 476 506 alium
507 444 648 508 ordinem
674 445 739 507 suis
763 442 875 506 edictis
898 441 1086 506 addiderunt
1109 443 1141 502 et
1164 439 1355 524 cognationis

185 544 269 610 linea
299 549 513 630 proximitatis
542 551 669 612 nomine
693 548 872 612 introducta
894 569 948 631 per
971 548 1125 611 bonorum
1149 546 1356 636 possesionem

187 671 239 715 eas
258 652 452 718 adiuvabant
470 659 501 720 et
519 654 751 739 pollicebantur
768 655 819 717 bis
838 655 992 718 bonorum
1011 653 1256 736 possessionem,
1283 669 1358 732 quae

187 758 271 821 unde
293 762 420 846 cognati
445 761 632 844 appellatur.
678 761 744 826 Nos
768 782 841 825 vero
862 760 969 846 legem
993 757 1158 822 duodecim
1180 754 1359 819 tabularum
1369 761 1388 817 ri

187 870 352 948 sequentes
381 871 412 930 et
442 869 509 930 eius
540 871 676 953 vestigia
703 870 735 932 in
759 868 819 932 hac
841 879 930 951 parte
954 868 1171 930 conservantes
1195 861 1361 924 laudamus

189 970 317 1050 quidem
349 977 507 1056 praetores
534 995 607 1038 suae
629 974 857 1050 humanitatis,
882 994 945 1036 non
969 979 1076 1036 tamen
1097 989 1149 1034 eos
1171 971 1205 1030 in
1232 965 1361 1051 plenum

86 1143 90 1154 „
189 1095 299 1138 causae
331 1077 450 1142 mederi
481 1081 679 1144 invenimus:
712 1101 807 1164 quare
836 1081 953 1144 etenim
984 1098 1046 1142 uno
1070 1075 1241 1157 eodemque
1264 1072 1362 1158 11111

190 1181 328 1246 naturali
365 1193 566 1250 concurrente
606 1192 638 1250 et
674 1187 875 1273 adgnationis
905 1184 1010 1248 titulis
1045 1188 1112 1246 tam
1148 1183 1182 1244 in
1215 1177 1365 1242 masculis

191 1308 286 1370 quam
311 1291 345 1352 in
368 1286 494 1356 feminis
518 1314 617 1378 aequa
640 1294 728 1358 lance
751 1294 931 1358 constitutis
953 1291 1104 1356 masculis
1124 1291 1254 1376 quidem
1272 1285 1365 1348 daba-

191 1398 243 1456 tur
272 1395 310 1458 ad
340 1401 567 1463 successionem
598 1403 705 1464 venire
736 1402 881 1464 omnium
905 1399 1130 1484 adgnatorum,
1156 1418 1195 1460 ex
1218 1392 1364 1480 adgnatis

192 1505 299 1565 autem
321 1503 511 1570 mulieribus
534 1505 631 1570 nullis
655 1509 781 1589 penitus
804 1508 866 1570 nisi
890 1505 949 1569 soli
976 1506 1073 1568 sorori
1093 1504 1132 1568 ad
1153 1503 1363 1588 adgnatorum

192 1611 420 1674 successionem
446 1613 574 1696 patebat
598 1609 723 1676 aditus?
747 1613 817 1676 ideo
841 1615 875 1674 in
897 1611 1028 1695 plenum
1052 1612 1159 1676 omnia
1182 1607 1365 1672 reducentes

93 1700 98 1706 ’
192 1719 222 1776 11
243 1715 282 1777 ad
300 1716 350 1778 ius
371 1717 536 1782 duodecim
556 1717 739 1782 tabularum
759 1717 891 1782 eandem
909 1718 1146 1800 dispositionem
1159 1719 1365 1797 exaequantes

191 1824 297 1884 nostra
321 1825 544 1888 constitutione
568 1826 730 1888 sanximus
754 1844 862 1889 omnes
885 1823 1050 1908 legitimas
1073 1841 1237 1906 personas,
1263 1819 1297 1880 id
1323 1821 1366 1880 est

193 1946 248 2007 per
280 1928 403 1992 virilem
436 1951 547 1994 senum
578 1931 815 2006 descendentes,
848 1932 915 1993 sive
938 1927 1108 1992 masculini
1131 1929 1198 1990 sive
1221 1924 1365 1988 seminini

191 2037 316 2121 generis
347 2041 438 2111 sunt,
468 2035 569 2099 simili
595 2037 689 2100 modo
721 2036 759 2101 ad
794 2039 863 2100 iura
897 2036 1101 2099 successionis
1129 2032 1297 2118 legitimae
1330 2029 1365 2092 ab

192 2142 342 2205 intestato
371 2144 477 2206 vocari
506 2142 680 2206 secundum
710 2142 828 2228 gradus
859 2144 909 2206 sui
941 2142 1195 2226 praerogativam
1218 2157 1274 2201 nec
1299 2135 1365 2199 ideo

194 2246 421 2324 excludendas,
454 2250 529 2333 quia
564 2249 847 2335 consanguinitatis
880 2250 951 2311 iura
981 2247 1077 2310 sicuti
1107 2263 1278 2332 germanae
1308 2262 1365 2305 non

194 2352 321 2428 habent.
367 2353 437 2418 Hoe
468 2356 565 2418 etiam
597 2354 776 2418 addendum
807 2359 930 2418 nostrae
961 2354 1177 2418 constitutioni
1206 2350 1383 2413 existima-r

194 2460 314 2534 vimus,
347 2464 383 2521 nt
406 2460 611 2524 transferatur
634 2481 715 2525 unus
738 2461 960 2526 tantummodo
983 2459 1102 2546 gradus
1125 2478 1144 2522 a
1166 2459 1235 2520 iure
1258 2475 1365 2540 cogna-

193 2566 289 2628 tionis
318 2567 352 2629 in
381 2564 563 2652 legitimam
577 2622 580 2636 ,
594 2569 836 2643 successionem,
869 2572 906 2630 nt
934 2587 997 2630 nen
1028 2565 1132 2630 solum
1156 2563 1263 2626 fratris
1286 2557 1365 2622 filius

195 2676 227 2734 et
251 2670 316 2734 filia
339 2672 511 2735 seeundum
535 2673 707 2757 quodiam
731 2671 932 2736 definivimus
957 2672 996 2736 ad
1016 2671 1244 2734 successionem
1264 2666 1365 2750 patrui

196 2778 246 2840 sui
281 2783 445 2852 vocentur,
482 2779 535 2841 sed
570 2780 667 2843 etiam
702 2800 872 2865 germanae
903 2778 1151 2864 consanguineae
1180 2773 1234 2839 111
1257 2773 1363 2836 sororis

195 2884 337 2946 uterinae
371 2881 455 2972 filius
485 2887 516 2946 et
546 2882 611 2947 filia
641 2884 701 2949 soli
730 2891 762 2950 et
784 2906 846 2949 non
870 2885 1015 2968 deinceps
1038 2902 1186 2968 personae
1209 2899 1273 2942 una
1295 2897 1363 2940 cum

196 2988 247 3052 his
271 2989 310 3051 ad
332 2990 402 3053 iura
425 2989 575 3054 avunculi
597 2993 647 3053 sui
670 2994 854 3074 perveniant
878 2996 908 3056 et
932 2995 1058 3055 mortuo
1082 3009 1135 3071 eo,
1161 2987 1216 3071 qui
1238 2989 1363 3068 patruus

197 3095 325 3178 quidem
345 3100 392 3158 est
414 3096 520 3159 fratris
544 3099 593 3160 sui
615 3095 707 3169 filiis,
731 3097 906 3162 avunculus
930 3098 1038 3162 autem
1063 3095 1175 3160 sororis
1199 3111 1273 3155 suae
1297 3089 1362 3152 sub-

197 3200 254 3272 oli,
290 3201 389 3266 simili
423 3203 518 3266 modo
553 3203 592 3266 ab
625 3208 759 3287 utroque
796 3203 893 3289 latere
924 3203 1108 3284 succedant,
1126 3203 1307 3281 'tamquam
1338 3194 1361 3255 si

197 3327 305 3370 omnes
337 3328 374 3371 ex
403 3308 554 3372 masculis
577 3310 797 3375 descendentes
819 3309 966 3396 legitimo
990 3311 1058 3372 iure
1082 3308 1226 3379 veniant,
1252 3301 1362 3366 scilicet

197 3413 254 3474 ubi
284 3411 380 3476 irater
410 3419 441 3476 et
474 3435 559 3479 soror
590 3419 773 3499 superstites
803 3437 865 3482 non
888 3421 963 3480 sunt
989 3453 1028 3462 -
1054 3414 1104 3477 his
1127 3413 1246 3476 etenim
1269 3426 1361 3492 perso

198 3519 247 3580 nis
265 3519 522 3600 praecedentibus
546 3525 577 3584 et
601 3525 826 3586 successionem
851 3522 1095 3586 admittentibus
1116 3518 1231 3582 caeteri
1255 3513 1360 3601 gradus

197 3628 360 3686 remanent
384 3627 510 3707 penitus
533 3629 647 3690 semoti
671 3645 731 3688 -:
752 3627 900 3692 videlicet
919 3627 1095 3691 hereditate
1114 3645 1176 3689 non
1190 3623 1229 3688 ad
1242 3623 1358 3702 stirpes,

197 3729 251 3792 sed
277 3731 311 3792 in
342 3733 445 3814 capita
475 3730 654 3795 dividenda.
701 3730 736 3795 Si
763 3732 869 3816 plures
900 3735 964 3796 sint
992 3733 1111 3818 gradus
1141 3729 1375 3815 adgnatorum,⁵

198 3841 303 3920 aperte
322 3835 374 3902 lex.
393 3837 559 3902 duodecim
580 3837 761 3902 tabularum
782 3840 964 3922 proximum
984 3842 1093 3904 vocat:
1113 3839 1221 3919 itaque
1242 3835 1269 3898 si
1280 3830 1359 3896 verbi

198 3943 303 4027 gratia
336 3945 377 4005 sit
407 3942 503 4007 irater
534 3943 673 4008 defuncti
696 3950 728 4010 et
751 3946 880 4012 alterius
903 3946 1009 4010 fratris
1033 3942 1117 4008 filius
1141 3947 1197 4007 aut
1220 3945 1357 4026 patruus,

197 4047 293 4111 frater
321 4049 425 4132 potior
452 4048 597 4113 habetur.
646 4055 677 4116 et
707 4056 852 4136 quamvis
882 4033 1038 4140 singulari
1068 4069 1202 4118 numero
1230 4068 1287 4112 usa
1314 4044 1356 4109 111
