3024 4574
221 70 264 138 26
631 89 715 137 ruer.
727 69 752 135 I.
776 90 820 137 rr.
835 73 870 158 tt
885 69 981 137 1-7.

135 247 139 254 „
220 259 274 326 vel
304 279 432 324 servum
462 279 557 324 suum
586 261 798 324 necessarium
827 260 975 326 heredem
997 261 1152 336 habeant,
1177 261 1232 344 qui
1254 259 1393 324 satisfac·

157 365 159 370 '
220 369 312 430 turus
342 369 423 430 esset
445 364 668 442 creditoribus,
694 370 750 430 aut
772 365 832 430 hoc
855 386 891 431 eo
913 387 975 432 non
998 366 1130 431 faciente
1154 365 1321 430 creditores
1343 385 1392 430 res

220 463 425 540 hereditariae
455 473 538 536 servi
560 473 687 536 nomine
709 471 867 548 vendant,
891 492 930 535 ne
952 474 1069 536 iniuria
1092 471 1257 536 defunctus
1281 469 1394 536 afficia-
1486 539 1488 546 ,

174 637 176 642 .
220 581 283 640 tur.
330 575 481 662 Idemque
508 578 588 640 iuris
619 581 666 640 est
693 582 725 640 et
748 577 775 640 si
798 579 865 641 sine
887 572 1040 642 libertate
1057 596 1166 642 servus
1191 576 1281 642 heres
1303 577 1432 641 insti-a
1500 569 1501 652 J

220 685 310 746 tutus
342 681 398 746 e'st'.
446 682 529 767 quod
559 686 666 746 nostra
694 681 878 747 constitutio
901 703 963 747 non
984 681 1088 747 solum
1111 683 1145 746 in
1168 682 1313 756 domino,
1337 683 1393 766 qui

221 786 371 854 solvendo
400 793 558 862 nonest,
589 787 643 852 sed
672 787 862 876 generaliter
892 789 1056 853 constituit
1080 808 1162 853 nova
1184 787 1394 852 humanitatis

220 895 355 969 ratione,
379 898 417 957 ut
440 915 478 958 ex
501 895 570 979 ipsa
592 895 746 978 scriptura
770 895 979 958 institutionis
998 895 1095 958 etiam
1112 892 1242 958 libertae
1261 896 1290 956 ei
1310 912 1393 957 com-

108 1033 109 1036 *
219 1001 325 1084 petere
355 999 518 1082 videatur,
550 1018 624 1061 cum
653 1019 715 1062 non
744 1002 791 1066 est
817 997 989 1062 verisimile
1013 1018 1103 1075 eum,
1128 1018 1223 1082 quem
1244 998 1394 1063 heredem

219 1104 282 1168 sibi
305 1103 420 1191 elegit,
438 1106 466 1168 si
477 1105 723 1189 praetermiserit
733 1103 891 1169 libertatis
907 1105 1080 1186 dationem,
1093 1122 1221 1168 servum
1232 1124 1393 1169 remanere

219 1209 358 1275 voluisse
392 1215 423 1274 et
453 1211 614 1273 neminem
649 1210 710 1274 sibi
742 1209 889 1274 heredem
923 1211 997 1275 fore.
1045 1207 1082 1274 In
1116 1209 1261 1274 fraudem
1284 1214 1432 1275 autema

222 1314 414 1404 creditorum
428 1303 669 1380 'manumittere
698 1315 843 1394 ridetur,
868 1318 924 1400 qui
945 1315 998 1382 rel
1019 1319 1086 1380 iam
1110 1335 1145 1380 eo
1168 1319 1308 1399 tempore
1332 1335 1395 1400 quo

220 1421 423 1484 manumittit
447 1418 596 1484 solvendo
618 1440 681 1484 non
704 1425 770 1492 est,
794 1419 848 1485 vel
870 1423 926 1505 qui
948 1421 1031 1485 datis
1052 1420 1254 1486 libertatibus
1276 1420 1395 1485 desitu-
1433 1485 1436 1492 ,

220 1544 275 1589 rus
299 1530 346 1589 est
370 1524 518 1590 solvendo
538 1546 612 1590 esse.
648 1525 861 1610 praevaluisse
877 1532 985 1590 tamen
1003 1527 1148 1604 videtur,
1167 1527 1230 1590 nisi
1250 1529 1396 1590 animum

221 1651 344 1717 quoque
367 1630 533 1695 fraudandi
554 1631 767 1695 manumissor
788 1631 919 1716 habuit,
942 1651 1004 1696 non
1027 1631 1177 1716 impediri
1194 1627 1398 1716 libertatem,

220 1737 367 1822 quamvis
398 1737 480 1801 bona
514 1738 582 1801 eius
614 1736 820 1802 creditoribus
848 1756 911 1802 non
933 1735 1106 1802 sufficiant:
1131 1757 1221 1821 saepe
1245 1740 1332 1802 enim
1355 1736 1397 1802 de

221 1841 428 1906 facultatibus
462 1843 528 1905 suis
563 1840 700 1926 amplius
733 1861 829 1926 quam
863 1843 897 1906 in
930 1843 981 1907 his
1016 1847 1063 1906 est
1093 1847 1216 1926 sperant
1239 1842 1394 1908 homines.

217 1947 325 2032 itaque
366 1951 442 2010 tunc
476 1945 696 2034 intellegimus
729 1948 880 2032 impediri
914 1948 1114 2029 libertatem,
1150 1968 1230 2022 ,cum
1261 1953 1395 2033 utroque
1500 1955 1501 1992 ³

220 2053 315 2117 modo
338 2053 524 2117 fraudantur
546 2052 733 2136 creditores,
756 2054 790 2118 id
814 2058 861 2118 est
885 2058 916 2118 et
939 2052 1068 2118 consilio
1086 2055 1344 2118 manumittentis
1363 2059 1395 2119 et

220 2158 290 2242 ipsa
311 2179 363 2235 re,
388 2178 424 2223 eo
449 2157 532 2243 quod
554 2159 635 2223 bona
658 2177 719 2223 non
742 2159 910 2224 suffectura
933 2163 1007 2224 sunt
1030 2157 1246 2224 oreditoribus.
1500 2239 1501 2244 ἵ

268 2260 406 2332 Eadem
430 2261 511 2360 lege
536 2261 642 2332 Aelia
668 2261 791 2334 Sentia
818 2262 962 2334 domino
987 2263 1244 2354 minoriannis
1268 2263 1436 2360 vigintis

219 2399 292 2444 non
315 2373 418 2444 aliter
438 2375 683 2445 manumittere
703 2376 937 2472 permittitur,
957 2401 1063 2473 quam
1085 2376 1114 2446 si
1136 2373 1292 2445 vindicta
1305 2373 1397 2472 apud

221 2487 406 2559 eonsilium
444 2489 534 2559 iusta
573 2513 677 2559 causa
715 2489 999 2560 manumissionis
1036 2485 1228 2585 adprobata
1268 2486 1398 2570 suerint
1500 2539 1501 2552 ,

144 2667 146 2670 .
219 2601 435 2670 manumissi.
487 2601 607 2672 lustae
649 2612 763 2690 antem
807 2601 1093 2671 manumissionis
1130 2625 1257 2702 causae
1279 2611 1435 2694 ,sunus
1500 2617 1501 2676 l

218 2709 327 2782 veluti
364 2713 395 2782 si
424 2715 504 2810 quis
528 2723 663 2811 patrem
690 2724 750 2783 aut
772 2725 918 2784 matrem
941 2725 1003 2784 aut
1023 2711 1135 2783 filium
1159 2710 1313 2784 filiamve
1339 2723 1398 2783 aut
1500 2685 1501 2766 l

217 2822 360 2894 fratrem
399 2851 599 2896 scroremve
637 2825 814 2895 nahrrales
851 2837 910 2896 aut
946 2824 1190 2922 paedagogum
1225 2826 1396 2897 nutricem
1500 2907 1501 2922 χ

219 2935 446 3008 educatorem·
480 2950 540 3010 aut
577 2938 755 3009 alumnum
794 2937 1013 3009 alumnamve
1047 2949 1108 3009 aut
1140 2938 1396 3009 collactaneum

217 3051 458 3144 manumittat,
490 3063 550 3122 aut
574 3077 711 3122 servum
737 3053 974 3148 procuratoris
999 3049 1154 3123 habendi
1178 3052 1311 3148 gratia,
1338 3061 1400 3122 aut

216 3159 382 3232 ancillam
420 3164 633 3237 matrimonii
671 3189 793 3256 eausa,
831 3166 908 3231 dum
943 3170 1050 3231 tamen
1080 3167 1164 3228 intra
1194 3186 1248 3230 sex
1271 3185 1394 3230 menses
1500 3165 1501 3242 l

218 3295 298 3340 uxor
329 3276 479 3363 ducatur,
507 3280 570 3344 nisi
600 3281 685 3344 iusta
708 3299 802 3344 eausa
823 3278 994 3363 impediat,
1020 3283 1052 3342 et
1075 3279 1130 3362 qui
1152 3279 1394 3342 manumittitur

220 3386 429 3465 procuratoris
462 3385 600 3450 habendi
634 3387 739 3472 gratia
771 3407 810 3450 ne
840 3388 945 3450 minor
974 3391 1095 3471 septem
1117 3391 1149 3450 et
1172 3384 1281 3450 decem
1305 3387 1394 3449 annis
1500 3385 1501 3402 ³

218 3491 474 3567 manumittatur.
521 3489 627 3556 Semel
657 3496 765 3556 autem
798 3511 891 3556 causa
920 3491 1106 3576 adprobata,
1137 3493 1205 3556 sive
1227 3510 1302 3555 uera
1325 3493 1431 3555 siveo

219 3595 300 3662 falsa
322 3597 381 3674 sit,
405 3617 468 3663 nou
490 3602 688 3662 retractatur.
1500 3663 1501 3688 ,

264 3698 355 3772 Cum
390 3725 475 3798 ergo
513 3712 628 3772 certus
661 3701 787 3772 modus
821 3701 1089 3772 manumittendi
1119 3699 1314 3772 minorihus
1339 3701 1432 3771 vi-r

219 3814 308 3910 giuti
333 3815 435 3884 annis
461 3812 613 3885 dominis
634 3814 829 3911 perlegam
849 3813 991 3884 Aeliam
1013 3814 1172 3887 Sentiam
1186 3814 1395 3886 constitutus
1500 3897 1501 3910 ἶ

97 4005 99 4010 ,
218 3927 281 4024 sit.
309 3925 513 4020 eveniebat,
532 3938 590 4020 ut,
612 3928 673 4024 qui
695 3926 974 4025 quattuordecim
996 3953 1109 3998 annos
1131 3927 1253 3998 aetatis
1274 3909 1399 4024 enple·
1500 3919 1501 3922 ¹

216 4041 327 4134 verit,
359 4039 444 4110 lieet
476 4049 720 4111 testamentum
757 4039 872 4111 faeere
904 4042 1016 4137 possit
1041 4052 1075 4112 et
1100 4043 1136 4111 in
1163 4038 1395 4113 coheredem
1500 4097 1501 4106 ,
