2916 4604
208 70 274 137 140
522 125 525 130 ι
583 89 668 138 rusn.
689 71 730 137 II.
754 89 811 138 xx.
834 73 871 157 ιι
883 69 945 150 36,
969 69 1024 136 25.

209 261 312 326 ‘heres
335 281 426 326 meus
446 263 474 325 si
493 281 623 327 servum
644 259 790 326 Stichum
814 260 1009 327 alienarerit'
1030 259 1203 326 -velex
1215 260 1341 326 diverso
1356 261 1390 324 ‘si

206 388 273 433 non
304 365 566 432 alienaverit—
569 367 678 452 ,Ἧι
655 372 700 433 tro
733 367 843 431 decem
873 387 982 432 aureos
1014 366 1107 432 dato’.
1154 368 1245 432 etin
1266 370 1391 430 tantum

206 474 287 540 haec
308 473 421 560 regula
441 418 627 539 observabat
615 477 683 550 t,ur
703 477 740 536 ιιι
755 493 909 557 perquem
919 471 1066 556 pluribus
1078 470 1309 557 principalibus
1325 492 1392 536 con-

212 579 436 645 stitutionibus
462 577 620 666 significet
620 601 659 643 ur
681 599 738 643 neo
757 579 935 663 principem
954 577 1084 662 quidem
1104 591 1291 666 agnoscere,
1312 577 1393 663 quod

205 687 240 752 ei
271 704 390 770 poenae
421 687 550 749 nomine
580 684 726 771 legatum
758 685 810 748 sit.
857 703 916 748 nec
946 704 984 748 ex
1007 682 1125 748 militis
1147 683 1278 767 quidem
1302 688 1394 748 testa·

207 794 318 856 mento
349 788 427 855 talia
457 788 565 876 legata
594 788 762 873 valebant,
796 790 942 872 quamvis
973 787 1054 854 aliae
1084 787 1229 854 militum
1252 789 1394 856 volunta

205 902 257 962 tes
280 899 315 960 ιιι
334 895 515 960 ordinandis
537 896 738 980 testamentis
757 893 852 960 valde
871 894 1087 960 observantur.
1125 895 1203 978 quin
1223 896 1321 959 etiam
1341 916 1395 960 nec

143 1051 146 1056 .
212 999 396 1066 libertatem
425 1021 544 1087 poenae
567 1003 696 1066 nomine
728 1001 796 1066 dari
826 1020 917 1084 posse
949 999 1104 1086 placebat.
1152 997 1178 1087 1)
1191 1020 1228 1065 eo
1259 991 1395 1085 amplius

208 1127 268 1172 nec
298 1106 448 1171 heredem
475 1126 593 1191 poenae
623 1108 752 1171 nomine
781 1106 864 1171 adici
894 1126 984 1191 posse
1009 1104 1153 1171 'Sabinus
1176 1107 1394 1183 existimabat,

209 1210 314 1278 veluti
337 1213 365 1276 si
389 1213 460 1296 quis
482 1213 529 1276 ita
553 1212 655 1276 dicat:
677 1211 794 1276 ‘Titius
810 1211 900 1276 heres
920 1215 1004 1277 esto:
1025 1214 1053 1276 si
1073 1209 1180 1276 Titius
1192 1211 1293 1277 filiam
1305 1231 1396 1276 suam

132 1361 137 1370 ·
206 1315 284 1382 -Seio
314 1317 348 1380 in
378 1318 622 1382 matrimonium
653 1315 874 1394 collocaverit,
907 1313 1000 1381 Seius
1029 1336 1153 1402 quoque
1184 1317 1275 1382 heres
1299 1316 1396 1382 esto:

209 1420 294 1487 nihil
325 1423 411 1486 enim
442 1424 612 1506 intererat,
637 1441 700 1506 qua
723 1423 846 1487 ratione
869 1419 974 1486 Titius
999 1426 1196 1508 coerceatur,
1220 1427 1334 1487 utrum
1356 1422 1399 1487 le·

212 1529 283 1614 gati
307 1526 432 1592 datione
453 1547 493 1592 an
513 1527 674 1593 coheredis
693 1527 879 1593 adiectione.
902 1530 948 1592 at
966 1527 1152 1593 huiusmodi
1171 1515 1400 1613 scrupulositas

211 1633 303 1698 nobis
322 1653 385 1696 non
404 1631 527 1717 placuit
546 1641 578 1698 et
595 1631 787 1720 generaliter
800 1653 836 1698 ea
848 1653 929 1719 quae
940 1632 1180 1718 relinquuntur,
1194 1633 1271 1700 licet
1282 1654 1401 1719 poenae

210 1739 341 1803 nomine
365 1737 485 1802 fuerint
507 1737 619 1803 relicta
641 1737 694 1803 vel
718 1737 867 1823 adempta
890 1737 943 1804 vel
965 1742 1000 1803 in
1024 1737 1103 1805 alios
1126 1738 1297 1817 translata,
1318 1739 1402 1805 nihil

213 1844 335 1908 distare
366 1863 385 1906 a
418 1845 530 1908 ceteris
553 1843 669 1930 legatis
693 1845 919 1909 constituimus
943 1843 996 1909 vel
1019 1846 1053 1909 in
1077 1844 1179 1910 dando
1200 1843 1254 1912 vel
1277 1847 1314 1909 in
1338 1845 1402 1910 adi-

214 1947 332 2012 mendo
355 1946 466 2013 rolin
489 1947 724 2013 transferendae
748 1951 887 2033 exceptis
910 1949 962 2016 his
982 1950 1133 2016 videlicet
1153 1971 1233 2036 quae
1253 1953 1404 2036 impossi-

129 2099 135 2107 -
214 2053 294 2118 bilia
325 2055 400 2117 sunt
421 2050 475 2117 vel
497 2050 623 2138 legibus
646 2041 816 2118 interdicta
839 2058 895 2118 aut
919 2053 998 2119 alias
1021 2049 1188 2140 probrosa:
1213 2057 1403 2122 huiusmodi

209 2160 301 2224 enim
331 2161 521 2222 testatorum
550 2157 770 2242 dispositiones
801 2159 907 2224 valere
940 2164 1024 2226 secta
1048 2166 1229 2246 temporum
1248 2182 1402 2227 meorum

191 2285 278 2330 -non
300 2263 431 2347 patitur.

259 2369 392 2434 incertis
414 2389 489 2435 uero
512 2371 652 2453 personis
675 2389 778 2454 neque
800 2368 908 2457 legata
930 2391 1032 2455 neque
1051 2367 1298 2437 fideicommissa
1319 2373 1430 2438 olims

188 2475 353 2558 ‘relinqui
386 2493 568 2539 concessum
600 2479 683 2539 erat:
717 2495 793 2540 nam
818 2496 875 2541 nec
897 2477 993 2542 miles
1017 2477 1146 2562 quidem
1169 2479 1309 2543 incertae
1334 2492 1406 2564 per·

208 2600 307 2646 sonae
330 2583 454 2663 poterat
476 2579 671 2664 relinquere,
697 2585 735 2644 ut
758 2581 853 2646 dirus
871 2578 1055 2648 Hadrianus
1074 2583 1243 2668 rescripsit.
1265 2583 1407 2653 incerta

89 2769 91 2774 ,
210 2701 330 2763 autem
364 2715 516 2786 persona
549 2689 758 2784 videbatur,
793 2719 898 2790 qnam
925 2695 1061 2796 incerta
1087 2695 1256 2792 opinione
1282 2697 1407 2766 animo

208 2829 277 2874 suo
315 2811 463 2872 testator
499 2801 717 2896 subiciebat,
735 2804 861 2875 veluti
896 2806 926 2876 si
960 2808 1040 2903 quis
1074 2809 1122 2878 ita
1157 2807 1274 2879 dicat:
1313 2811 1408 2906 ‘qni-

157 2898 366 3011 ”cumque
400 2910 476 2984 filio
511 2940 591 2986 meo
618 2911 658 2983 in
692 2918 955 3013 matrimonium
986 2917 1096 2988 filiam
1122 2946 1221 2990 suam
1249 2918 1410 2992 colloca-

210 3027 323 3120 verit,
354 3027 391 3096 ei
424 3025 560 3096 heres
558 3053 658 3114 meus
684 3027 784 3098 illum
811 3007 959 3114 fundum
986 3027 1098 3101 dato’:
1127 3031 1217 3134 illud
1242 3060 1410 3132 quoque,

212 3139 310 3238 quod
343 3119 421 3209 his
438 3137 721 3238 relinquebatur,
755 3142 815 3238 qui
848 3153 930 3238 post
959 3152 1207 3234 testamentum
1233 3149 1410 3244 scriptum

213 3253 319 3350 primi
356 3248 522 3323 consules
551 3247 738 3356 designati
763 3264 882 3348 erunt,
916 3281 1027 3353 aeque
1052 3241 1210 3330 incertae
1231 3284 1411 3355 personae

214 3357 328 3464 legari
359 3357 562 3434 videbatur:
590 3376 624 3436 et
648 3364 801 3463 deniqne
827 3366 958 3438 multae
986 3369 1076 3441 aliae
1100 3369 1307 3443 huiusmodi
1331 3399 1412 3470 spe·

209 4009 432 4024 Μ

255 4085 285 4153 ι)
305 4081 346 4138 of.
366 4081 419 4136 eas
437 4081 511 4136 infra
530 4084 546 4150 s
567 4043 631 4135 ιιι.
