2894 4616
217 49 283 120 390
441 72 524 124 mar.
549 55 603 138 IV,
632 60 735 145 v1,§§
759 53 893 124 39-40
916 63 949 124 et
972 53 1008 144 §t
1030 55 1173 124 28-30.

214 239 335 315 hahita
355 245 491 317 ratione
513 241 602 334 eius,
622 239 717 343 quod
740 246 892 356 invicem
914 257 1071 319 actorem
1095 259 1138 317 ex
1161 237 1286 317 eadem
1299 266 1390 315 causa

214 367 393 453 praestare
417 369 614 456 oporteret,
641 363 678 432 in
703 359 878 458 reliquum
905 386 983 444 eum
1010 387 1090 432 cum
1116 385 1186 458 quo
1213 369 1328 430 actum
1349 372 1391 430 est

215 468 448 576 condemnat,
478 483 561 548 sicut
588 482 655 547 iam
688 479 812 548 dictum
835 487 893 548 est.
940 477 1025 547 Eum
1048 503 1188 568 quoque,
1214 485 1273 567 qui
1295 481 1420 546 credi-c

215 586 337 650 toribus
371 587 437 652 suis
471 589 560 654 bonis
590 592 703 666 cessit,
736 592 765 656 si
794 593 903 676 postca
934 589 1055 674 aliquid
1087 589 1294 673 adquisierit,
1320 589 1393 672 quod

213 689 364 758 idoneum
399 695 653 762 emolumentum
687 698 818 773 habeat,
852 718 891 762 ex
919 697 1046 784 integro
1077 694 1167 760 inid
1192 694 1392 779 quodfacere

214 804 317 883 potest
345 800 514 868 creditores
544 823 619 868 cum
648 824 684 868 eo
712 805 934 889 experiuntur:
968 802 1180 866 inhumanum
1212 803 1299 866 enim
1335 807 1394 864 erat

214 905 387 989 spoliatum
410 907 545 976 fortunis
568 911 634 975 suis
657 911 692 973 in
715 908 854 976 solidum
878 907 1032 973 damnari.

258 1089 428 1154 Acticnum
464 1097 571 1157 autem
601 1091 757 1178 quaedam
780 1079 881 1156 bonae
904 1090 977 1156 fidei
999 1096 1091 1176 sunt,
1114 1091 1272 1176 quaedam
1296 1093 1424 1156 strictis

212 1203 303 1268 iuris.
352 1192 467 1266 bonae
488 1195 573 1268 fidei
593 1208 676 1268 sunt
695 1196 779 1268 hae:
803 1221 845 1267 ex
867 1207 985 1292 empto
1004 1195 1291 1290 vendit0,tocat0
1306 1220 1397 1266 con-

212 1305 336 1396 ducto,
360 1312 582 1409 negotiorum
603 1321 800 1410 gestorum,
819 1308 995 1396 mandati,
1017 1308 1181 1406 depositi,
1202 1335 1270 1406 pro
1291 1309 1398 1393 socio,

212 1419 353 1512 tutelae,
380 1433 583 1512 commodati,
604 1431 823 1522 pignoraticia,
845 1430 987 1496 familiae
1008 1429 1216 1508 erciscundae,
1240 1432 1399 1496 communi

213 1534 404 1616 dividundo,
436 1533 636 1626 praescriptis
668 1531 789 1615 verbis,
821 1558 901 1625 quae
932 1537 971 1602 de
1005 1537 1172 1603 aestimato
1196 1537 1399 1624 proponitur,

213 1646 245 1707 et
279 1663 331 1727 ea,
366 1665 447 1729 quae
477 1666 517 1712 ex
545 1643 777 1730 permutatione
809 1643 977 1728 competit,
1011 1647 1043 1708 et
1067 1642 1255 1708 hereditatis
1279 1643 1398 1728 petitio.

211 1750 360 1833 quamvis
394 1751 481 1816 enim
516 1772 615 1836 usque
649 1749 752 1817 adhuc
783 1750 940 1816 incertum
972 1754 1057 1832 erat,
1091 1750 1157 1816 sive
1189 1750 1276 1816 inter
1306 1751 1399 1816 bonae

211 1851 285 1920 fidei
317 1855 436 1922 iudicia
465 1856 720 1923 connumeranda
751 1857 795 1920 sit
825 1856 892 1920 sive
915 1875 997 1932 non,
1023 1859 1129 1920 nostra
1152 1861 1262 1922 tamen
1285 1856 1398 1922 consti·

149 2033 153 2038 ,
210 1960 293 2025 tutio
317 1967 424 2047 aperte
447 1983 518 2028 eam
542 1983 609 2028 esse
632 1963 731 2029 bonae
754 1961 827 2027 fidei
851 1961 999 2047 diposuit.
1046 1961 1164 2028 Fuerat
1188 1967 1283 2028 antea
1304 1968 1338 2026 et
1357 1961 1427 2025 reis

211 2067 341 2132 uxoriae
374 2069 455 2135 actio
487 2091 526 2134 ex
557 2070 656 2134 bonae
687 2067 759 2134 fidei
786 2067 931 2132 iudiciis:
957 2067 1109 2132 aeduum
1133 2067 1313 2152 pleniorem
1338 2089 1398 2132 esse

211 2192 250 2237 ex
278 2173 435 2259 stipulatu
467 2175 624 2241 actionem
655 2173 852 2240 invenientes
883 2193 975 2238 omne
1006 2173 1072 2257 ius,
1105 2174 1190 2258 quod
1214 2195 1267 2239 res
1291 2173 1398 2238 uxoria

210 2283 283 2344 ante
306 2280 460 2357 habebat,
486 2304 559 2347 cum
583 2281 696 2347 multis
716 2281 925 2347 divisionibus
942 2281 976 2346 in
997 2303 1036 2346 ex
1055 2280 1213 2367 stipulatu
1233 2281 1397 2361 actionem,

210 2405 290 2469 quae
321 2386 359 2451 de
390 2387 517 2452 dotibus
547 2387 711 2475 exigendis
739 2387 924 2472 proponitur
949 2387 1185 2464 transtulimus,
1213 2386 1334 2451 merito
1356 2387 1397 2448 rei

208 2491 337 2557 moriae
368 2493 491 2558 actione
524 2493 649 2558 sublata
680 2513 718 2558 ex
750 2492 924 2578 stipulatu,
956 2513 1036 2577 quae
1067 2512 1123 2578 pro
1157 2513 1194 2556 ea
1217 2491 1397 2556 introducta

209 2601 272 2682 est,
302 2603 448 2663 naturam
472 2600 572 2665 bonae
596 2597 668 2664 fidei
691 2598 803 2664 iudicii
828 2603 953 2662 tantirm
976 2597 1010 2662 in
1034 2599 1196 2664 exactione
1220 2598 1309 2663 dotis
1334 2619 1396 2661 me·

208 2702 290 2782 ruit,
320 2709 358 2768 ut
389 2705 489 2770 bonae
517 2702 591 2770 fidei
623 2705 675 2769 sit.
723 2705 778 2770 sed
803 2709 835 2770 et
859 2704 990 2770 tacitam
1014 2705 1043 2769 ei
1066 2703 1215 2769 dedimus
1239 2703 1397 2790 hypothe

208 2827 297 2874 cam:
341 2809 490 2895 praeferri
531 2814 639 2875 autem
682 2809 754 2875 aliis
788 2808 996 2904 creditoribus
1030 2809 1063 2874 in
1096 2809 1289 2898 hypothecis
1326 2814 1397 2873 tunc

208 2913 406 2993 censuimus,
436 2935 510 2980 cum
534 2917 604 3001 ipsa
626 2915 745 2980 mulier
767 2916 805 2982 de
829 2915 901 2980 dote
924 2936 981 2981 sua
1004 2916 1203 3000 experiatur,
1230 2915 1327 2980 cuius
1350 2935 1395 2978 so-

206 3024 270 3092 lius
291 3027 491 3114 providentia
514 3027 574 3092 hoc
593 3027 788 3094 induximus.
837 3019 883 3088 ln
896 3017 1011 3090 bonae
1024 3018 1108 3089 fidei
1122 3028 1240 3088 autem
1253 3017 1393 3088 iudiciis
1411 3045 1426 3088 s

204 3128 317 3200 libera
329 3142 487 3227 potestas
500 3131 655 3228 permitti
669 3131 809 3204 videtur
820 3129 929 3202 iudici
944 3157 986 3202 ex
997 3127 1092 3202 bono
1107 3141 1142 3201 et
1156 3157 1273 3228 aequo
1286 3133 1399 3202 aesti-

207 3241 339 3331 mandi,
362 3256 533 3344 quantum
553 3246 665 3316 actori
678 3246 815 3316 restitui
829 3243 964 3315 debeat.
991 3245 1029 3313 in
1042 3268 1112 3342 quo
1123 3253 1162 3313 et
1172 3243 1263 3314 iilud
1276 3247 1399 3316 eonti-

205 3365 319 3443 netur,
347 3367 396 3444 ut,
424 3355 564 3456 siquid
590 3357 744 3430 invicem
770 3368 927 3430 actorem
952 3367 1131 3455 praestare
1157 3367 1336 3453 oporteat,
1362 3384 1398 3427 eo

204 3481 433 3566 compensato
448 3470 487 3538 in
507 3469 682 3570 reliquum
703 3472 734 3541 is
759 3496 839 3541 cum
862 3497 933 3569 quo
954 3481 1071 3541 achim
1093 3479 1146 3540 est
1168 3469 1397 3540 condemnari

203 3578 342 3662 debeat.
370 3591 425 3659 sed
445 3589 530 3657 etin
550 3591 668 3657 strictis
689 3590 816 3657 iudiciis
836 3613 875 3656 ex
894 3590 1044 3678 rescripto
1060 3589 1126 3658 divi
1138 3589 1245 3656 Marci
1257 3592 1396 3678 opposita

205 3697 271 3763 doli
289 3699 368 3764 maii
385 3697 570 3783 exceptione
589 3699 802 3783 compensatio
820 3697 1037 3763 inducebatur.
1084 3697 1140 3762 sed
1157 3702 1269 3762 nostra
1287 3698 1396 3764 consti-

203 3804 287 3870 tutio
307 3825 360 3870 eas
381 3803 669 3890 compensationea,
687 3823 768 3888 quaa
788 3805 857 3869 iure
877 3808 984 3890 aperto
1003 3804 1167 3880 nituntur,
1185 3801 1286 3868 latius
1306 3805 1395 3868 intro-

205 3908 313 3984 duxit,
348 3917 385 3975 ut
407 3911 546 3975 actiones
569 3910 639 3995 ipsc
661 3909 731 3975 iure
754 3909 902 3975 minuant
924 3909 992 3976 sive
1014 3909 1047 3973 in
1071 3928 1137 3974 rem
1161 3907 1232 3973 sive
1255 3929 1393 3993 persona·

205 4010 252 4079 les
283 4013 350 4080 sive
379 4013 457 4079 alias
490 4034 724 4100 quascumque,
756 4020 887 4100 excepta
918 4013 984 4081 sola
1014 4013 1150 4100 depositi
1179 4013 1326 4100 actione,
1350 4013 1392 4080 cui

1406 4308 1436 4495 t

1253 4538 1278 4585 “”,
1297 4556 1312 4579 u
1324 4582 1370 4585 -
