3024 4574
629 65 713 114 rusu.
725 49 750 116 1.
775 47 984 132 ruoth-2.
1059 126 1097 180 a·

765 264 849 330 VIII.

406 417 457 478 DE
477 416 542 478 HIS
564 416 629 488 QUI
650 416 710 476 SUI
731 415 804 476 VEL
823 414 960 474 sumni
980 415 1082 476 Iouis
1104 414 1211 480 SUNT.

266 586 435 687 Sequitur
460 587 505 660 de
529 589 604 660 iure
629 612 858 685 personarum
884 585 953 656 alia
979 586 1116 657 divisio.
1169 612 1250 660 nam
1264 594 1397 684 {quae-

218 699 301 772 dam
323 719 504 799 'personae
537 702 591 772 sui
625 700 711 770 iuris
745 709 844 792 suut,
869 695 1040 796 quaedam
1066 698 1182 770 alieno
1207 700 1274 770 iuri
1300 695 1396 769 sub·

222 814 335 886 iectae
373 823 470 885 sunt:
507 838 628 885 rursus
665 838 805 896 earum,
842 837 932 909 quae
966 807 1081 882 aiieuo
1114 812 1182 882 iuri
1216 810 1396 882 subiectae

181 1007 183 1014 ¹
220 937 321 1021 sunt,
346 927 500 1004 aliaein
522 937 696 1024 potestate
720 935 923 1023 pareutum,
947 923 1037 996 uliae
1062 925 1100 994 iu
1123 935 1295 1021 potestate
1320 923 1399 993 do-

218 1041 395 1112 minorum
429 1049 520 1111 suut.
572 1038 752 1110 videamus
778 1039 895 1135 itaque
921 1037 964 1108 de
990 1036 1160 1135 hisquae
1186 1036 1302 1108 alieno
1326 1036 1394 1106 iuri

220 1152 399 1226 subiectae
433 1161 535 1224 suut:
568 1177 650 1222 nam
684 1152 714 1222 si
748 1151 1043 1248 cognoverimus,
1077 1174 1168 1248 quae
1192 1150 1279 1221 istae
1303 1175 1397 1246 per-

222 1290 330 1337 sonae
364 1265 455 1357 siut‚
487 1264 592 1336 simul
622 1263 887 1361 intellegemus,
922 1287 1012 1361 quae
1044 1263 1099 1334 sui
1123 1263 1209 1332 iuris
1233 1273 1325 1335 sunt.
1352 1287 1394 1334 ac

219 1379 317 1475 prius
342 1377 570 1475 dispiciamus
595 1376 642 1447 de
667 1374 722 1446 tis
742 1376 804 1474 qni
825 1376 863 1444 in
883 1384 1056 1473 potestate
1069 1373 1290 1446 dominorum
1303 1385 1395 1446 sunt
1498 1406 1499 1410 ¹

270 1492 317 1560 ln
349 1499 521 1586 potestate
554 1489 671 1588 itaque
707 1487 928 1558 dominorum
955 1497 1037 1559 sunt
1062 1489 1154 1558 servi
1181 1489 1281 1586 (quae
1307 1489 1433 1586 qui-¹

219 1601 301 1674 dem
325 1611 481 1700 potestas
505 1603 591 1676 iuris
613 1603 771 1702 gentium
793 1612 863 1673 est:
885 1627 967 1671 nam
980 1600 1073 1699 apud
1086 1626 1209 1672 omnes
1221 1625 1396 1700 peraeque

220 1726 345 1816 gentes
379 1713 657 1786 animadvertere
689 1713 876 1810 possumus
909 1713 1063 1786 dominis
1094 1714 1133 1784 in
1158 1737 1280 1786 servos
1304 1715 1396 1787 vitae

220 1829 389 1926 necisque
425 1837 634 1925 potestatem
671 1829 764 1925 esse)
801 1837 837 1899 et
873 1825 1120 1926 quodcumque
1155 1851 1220 1923 per
1256 1852 1395 1900 servum
1499 1849 1500 1870 ¹

220 1939 437 2040 adquiritur,
458 1937 494 2011 id
518 1937 662 2010 domino
683 1938 889 2038 adquiritur.
929 1937 1002 2012 Sed
1024 1937 1094 2011 hoc
1116 1949 1275 2037 tempore
1292 1939 1399 2012 nullis
1424 1971 1439 2014 ι

219 2049 444 2139 hominihus,
468 2052 530 2150 qui
555 2051 621 2125 sub
645 2052 794 2149 imperio
818 2063 941 2124 nostro
962 2063 1062 2147 suut,
1083 2052 1168 2124 licet
1188 2054 1265 2126 sine
1288 2080 1395 2126 causa

219 2163 360 2264 legibus
394 2165 537 2264 cognita
571 2174 606 2235 et
637 2163 910 2262 supramodum
934 2166 971 2237 in
995 2189 1117 2238 servus
1141 2191 1225 2237 suos
1249 2167 1395 2240 saevire.

220 2303 303 2349 nam
337 2304 380 2350 ex
414 2261 663 2350 constitutione
696 2275 770 2350 divi
802 2277 862 2348 Pii
893 2278 1070 2350 Antonini
1102 2279 1163 2376 qui
1188 2281 1265 2352 sine
1290 2306 1397 2352 causa
1500 2269 1501 2350 l

218 2415 359 2464 servum
381 2377 482 2462 suum
508 2389 698 2478 occiderit,
726 2416 798 2462 non
823 2390 939 2462 miuus
965 2391 1083 2488 puniri
1107 2390 1267 2485 iubetur,
1288 2416 1394 2496 quam

220 2505 283 2603 qui
320 2530 459 2576 serrum
497 2501 650 2576 alienum
686 2501 859 2575 occiderit
920 2500 985 2574 sed
1018 2514 1055 2576 et
1086 2506 1200 2578 maior
1224 2507 1396 2603 asperitas

219 2616 444 2689 dominorum
462 2615 619 2688 eiusdem
639 2617 810 2713 principis
828 2617 1077 2689 constitutione
1095 2629 1287 2690 coercetur.
1313 2644 1396 2690 nam

220 2729 404 2802 consultus
434 2754 454 2799 a
487 2727 698 2828 quibusdam
728 2727 951 2830 ‘praesidibus
983 2729 1244 2827 provinciarum
1268 2729 1394 2804 dehis

219 2843 354 2931 servis,
388 2842 450 2940 qui
482 2839 527 2911 ad
561 2836 684 2911 aedem
718 2865 856 2911 sacram
888 2839 944 2913 vel
970 2840 1016 2912 ad
1041 2852 1172 2915 statuas
1195 2844 1395 2942 principum

222 2955 460 3054 confugiunt,¹
485 2953 666 3052 praecepit
692 2963 748 3048 ut,
772 2953 804 3026 si
829 2952 1063 3026 intolerabilis
1087 2953 1248 3028 videatur
1271 2955 1399 3029 domi-

218 3094 344 3140 norum
371 3067 537 3159 saevitia,
562 3075 735 3164 cogantur
753 3091 876 3138 servos
892 3065 998 3138 bouis
1015 3066 1286 3142 condicionibus
1303 3095 1395 3143 ven·

219 3180 325 3274 dere,
349 3189 388 3250 ut
411 3179 561 3277 pretium
587 3176 740 3249 dominis
764 3176 925 3273 daretur,
946 3189 983 3252 et
1003 3189 1119 3252 reete:
1139 3181 1282 3278 expedit
1301 3183 1395 3254 enim

219 3294 272 3366 rei
307 3291 491 3390 publicae,
516 3315 562 3363 ne
587 3290 665 3390 quis
693 3315 732 3362 re
757 3317 820 3362 sua
844 3291 937 3363 male
960 3302 1089 3366 utatur.
1137 3297 1229 3376 cuius
1250 3297 1396 3384 rescripti

220 3409 261 3476 ad
280 3406 410 3476 Aelium
428 3405 630 3474 Marcianum
648 3406 758 3471 emon
772 3406 869 3473 rerba
887 3406 964 3473 haec
975 3411 1067 3472 sunt:
1095 3406 1314 3476 ‘Dominorum
1326 3410 1395 3495 qui·

221 3514 307 3582 ‘dem
325 3516 515 3599 potestatam
531 3512 566 3576 in
585 3529 659 3578 suos
676 3529 782 3578 servu
799 3509 960 3578 illibatam
978 3532 1045 3578 esse
1063 3517 1185 3600 oportet
1200 3534 1258 3582 uec
1268 3517 1396 3600 cuiqam

221 3621 401 3686 ‘hominnm
423 3621 474 3684 ius
497 3638 592 3683 suum
615 3615 749 3682 detrahi.
773 3617 828 3683 sed
850 3617 1052 3684 dominorum
1074 3620 1224 3698 interest,
1243 3641 1284 3686 ue
1306 3621 1397 3686 auxi-

219 3724 322 3791 ‘linm
348 3728 456 3790 contra
488 3725 656 3789 saevitiam
684 3721 738 3789 vel
767 3722 887 3788 famam
908 3721 961 3790 vel
983 3721 1217 3790 intolerabilem
1239 3727 1395 3792 iniuriam

218 3831 404 3918 ‘denegetur
426 3829 477 3896 his
499 3830 555 3916 qui
577 3829 661 3892 iuste
684 3827 901 3912 deprecantur.
924 3828 1057 3914 ideoque
1081 3848 1234 3918 cognosce
1258 3831 1296 3900 de
1319 3851 1394 3918 que-

218 3934 304 4002 ‘relis
327 3954 455 4019 eorum,
477 3935 591 4018 quiex
613 3931 999 4002 familialuliissabiniad
1013 3939 1153 4000 statuam
1165 3936 1393 4026 confugerunt,

224 4044 314 4109 ‘etsi
337 4038 389 4108 vel
412 4039 523 4104 durius
544 4037 687 4116 habitos,
712 4057 809 4124 quam
832 4059 968 4125 aequum
992 4044 1056 4124 est,
1078 4039 1132 4108 vel
1150 4041 1264 4106 infami
1274 4043 1394 4108 iniuria
