2880 4614
197 41 264 110 296
537 61 620 112 1nsn.
643 41 700 110 IIL
723 20 816 110 1111.
841 62 888 129 pr.
913 45 950 130 ἧς
967 43 1004 131 1,
1029 44 1063 112 2.

193 235 264 300 1111
294 235 461 322 ignorante
490 235 544 303 vol
572 237 674 302 invito
707 236 823 302 solutio
854 235 920 302 liat.
967 237 1048 302 item
1078 239 1105 302 si
1128 257 1203 302 rens
1227 235 1366 313 solverit,

196 344 295 407 etiam
328 344 354 405 ii
390 344 445 428 qni
479 364 536 429 pro
567 363 603 408 1ο
633 345 872 410 intervenerunt
902 344 1094 421 liberantur,
1126 345 1213 408 idem
1243 365 1283 408 ex
1304 365 1367 408 con·

195 450 292 513 trario
315 451 489 537 contingit,
514 452 542 515 si
563 447 728 514 fideiussor
750 449 898 516 solverit:
920 453 1087 515 nonenim
1107 449 1369 536 solusipselibe·

195 559 301 632 ratur,
332 555 386 624 sed
417 559 515 622 etiam
546 576 628 622 rens.
675 555 767 625 Item
804 581 868 651 per
902 555 1206 652 acceptilationem
1240 555 1387 632 tolliturr

195 665 377 768 obligatio.
418 676 472 738 est
496 680 612 739 autem
633 667 856 764 acceptilatio
875 669 1084 767 imaginaria
1103 669 1243 740 solutio.
1282 669 1373 766 quod

194 781 287 851 enim
320 806 362 850 ex
391 779 577 852 verborum
610 780 828 882 obligatione
855 782 954 852 Titio
980 781 1146 876 debetur,
1172 781 1210 852 id
1235 783 1267 852 si
1293 782 1375 854 velit

191 895 310 966 Titius
340 896 535 981 remittere,
560 897 689 992 poterit
715 897 766 966 sic
792 894 888 984 fieri,
915 907 955 966 ut
978 897 1129 996 patiatur
1153 895 1241 966 baec
1270 895 1373 968 verba

193 1007 388 1079 debitorem
421 1008 558 1079 dicere:
593 1008 701 1106 ‘quod
736 1035 802 1109 ego
828 1007 893 1080 tibi
918 1011 1061 1106 promisi
1087 1007 1243 1080 habesne
1271 1036 1373 1080 acce·

192 1120 325 1220 ptumi'
359 1132 394 1193 et
426 1122 543 1194 Titius
576 1121 790 1221 respondeat
814 1121 971 1193 ‘babeo’r
997 1125 1051 1190 sed
1074 1130 1106 1189 et
1129 1121 1249 1190 Graece
1272 1131 1372 1210 potest

195 1243 360 1324 acceptum
385 1236 470 1324 fieri,
495 1238 666 1304 dummodo
690 1240 736 1304 sio
759 1236 829 1314 fiat,
849 1242 887 1302 ut
905 1237 1027 1305 Latinis
1045 1239 1151 1305 verbis
1170 1237 1270 1303 solet:
1291 1236 1372 1316 ἔχεις

194 1343 300 1421 λαβὼν
338 1343 462 1427 δηνάρια
496 1344 591 1423 τόσση
628 1343 691 1427 ἔχω
728 1343 845 1422 λαβών.
895 1369 965 1441 quo
1000 1369 1129 1442 genere
1162 1353 1201 1412 ut
1225 1341 1373 1414 diximus

193 1463 329 1524 tantum
364 1481 425 1526 eae
460 1454 696 1556 obligationes
730 1457 929 1548 solvuntur,
965 1483 1054 1558 quae
1080 1482 1123 1527 ex
1149 1455 1265 1526 verbis
1291 1482 1371 1528 con-

191 1569 334 1664 sistunt,
361 1595 431 1640 non
458 1571 562 1641 etiam
590 1581 769 1644 caeterae:
795 1585 1069 1644 consentaneum
1084 1571 1178 1640 enim
1194 1571 1310 1642 visum
1324 1583 1373 1642 est

194 1681 309 1753 verbis
342 1681 474 1754 l'actam
507 1683 760 1782 obligationem
795 1711 900 1782 posse
934 1685 1012 1756 aliis
1046 1682 1165 1755 verbis
1200 1683 1364 1756 dissolvi:

194 1794 257 1865 sed
282 1795 339 1884 id,
367 1795 463 1890 quod
489 1796 625 1869 exalia
652 1825 757 1870 causa
784 1799 954 1889 debetur,
980 1807 1097 1896 potest
1121 1798 1159 1866 in
1176 1797 1371 1894 stipulatio-

191 1935 272 1979 nem
306 1909 435 1984 deduoi
462 1922 496 1981 et
524 1937 587 2007 per
611 1913 918 2009 acceptilationem
951 1911 1109 1982 dissolvi.
1159 1914 1371 1978 1111111111

193 2021 289 2120 quod
312 2022 460 2096 debetur
481 2050 546 2121 pro
567 2036 667 2121 parte
686 2037 782 2098 recte
800 2027 967 2112 solvitur,
985 2030 1032 2094 ita
1049 2027 1086 2094 in
1108 2035 1243 2121 partem
1266 2023 1375 2094 debiti

192 2136 415 2232 acceptilatio
449 2136 526 2207 fieri
558 2148 684 2234 potest.
733 2141 791 2207 1111
814 2143 938 2228 prodita
961 2139 1142 2226 stipulatio,
1168 2160 1249 2225 quaa
1272 2140 1390 2226 vulgos

192 2250 363 2336 Aquiliana
397 2250 590 2336 appellatur,
627 2274 683 2337 per
717 2275 813 2338 quam
847 2252 1088 2338 stipulationem
1122 2254 1300 2340 contingit,
1339 2257 1372 2316 nt

193 2359 338 2424 omnium
371 2378 479 2422 rerum
514 2358 668 2446 obligatio
700 2363 735 2424 in
764 2360 956 2445 stipulatum
987 2359 1161 2424 deducatur
1192 2362 1224 2422 et
1256 2380 1293 2424 11
1322 2379 1373 2443 per

193 2463 467 2549 acceptilationem
483 2464 625 2530 tollatur.
672 2465 838 2552 stipulatio
861 2468 948 2532 enim
965 2465 1137 2551 Aquiliana
1155 2471 1253 2532 novat
1265 2485 1373 2530 omnes

192 2569 402 2657 obligationes
433 2575 465 2636 et
495 2592 514 2636 a
544 2569 638 2638 Gallo
669 2572 799 2658 Aquilio
828 2575 875 2638 ita
905 2574 1078 2658 composita
1109 2577 1171 2637 est:
1207 2572 1372 2658 ‘quidquid

191 2679 222 2741 te
245 2678 328 2742 mihi
351 2699 390 2742 11
413 2697 612 2762 quacumque
637 2699 730 2744 causa
750 2678 824 2744 dare
840 2679 946 2744 'faeere
967 2682 1090 2764 oportet
1110 2680 1269 2764 oportebit
1285 2699 1372 2764 praa

192 2803 262 2848 sens
296 2785 330 2846 in
364 2783 490 2850 diamve
521 2805 730 2871 quarumque¹
747 2807 852 2851 rerum
878 2786 962 2850 mihi
987 2791 1094 2850 teoum
1119 2788 1202 2849 actio
1229 2805 1370 2870 quaeque

191 2888 247 2953 abs
275 2893 307 2954 te
336 2891 448 2973 petitio
472 2890 532 2972 vvel
562 2891 711 2957 adversus
742 2898 774 2958 te
805 2894 980 2978 persecutio
1012 2896 1060 2957 est
1082 2893 1143 2956 erit
1166 2890 1315 2976 qnodque
1338 2895 1370 2954 tn

191 3015 300 3059 meum
329 2996 426 3060 habes
452 3001 540 3062 tonas
566 2999 705 3082 possides
720 2999 745 3080 ¹)
772 2998 883 3065 dolove
910 2997 1140 3072 malefecisti,
1172 3018 1233 3082 qno
1264 2998 1369 3061 minus

191 3101 366 3185 possideas:
400 3105 510 3187 quanti
541 3123 682 3189 quaeque
713 3127 823 3170 earum
854 3126 960 3170 rerum
991 3125 1040 3168 res
1068 3105 1147 3175 erit,
1173 3107 1299 3168 tantam
1323 3125 1369 3188 pe

65 3295 68 3302 Ι
190 3209 315 3272 cuniam
347 3209 414 3276 dani
442 3209 614 3295 stipulatus
645 3215 692 3276 est
730 3211 830 3276 Aulus
864 3213 1019 3299 Agerius,
1051 3209 1220 3294 spopondit
1252 3209 1367 3275 Numa

189 3314 258 3379 rius
280 3314 456 3402 Negidius?
502 3318 580 3382 item
604 3338 621 3383 e
645 3318 768 3385 diverso
791 3319 966 3384 Numerius
984 3316 1143 3404 Negidius
1162 3317 1369 3404 interrogavit

190 3422 312 3488 Aulum
344 3423 516 3510 Agerium:
550 3424 715 3510 ‘quidquid
746 3427 807 3491 tibi
836 3425 987 3490 hodierno
1010 3423 1061 3488 die
1085 3443 1142 3507 per
1165 3422 1366 3507 Aquilianam

190 3529 429 3614 stipulationem
461 3529 631 3615 spopondi,
656 3532 690 3597 id
714 3552 807 3598 omne
829 3532 966 3597 habesne
989 3533 1157 3614 acceptum
1165 3525 1188 3592 'l'
1211 3530 1366 3615 respondit

188 3633 291 3701 Aulus
313 3637 468 3722 Agerius:
496 3637 606 3701 ‘habeo
629 3643 856 3723 acceptumque
881 3637 963 3703 tuli!

222 3846 250 3918 1)
269 3847 393 3920 Krilegcr
411 3867 445 3905 ex
463 3851 541 3906 libris
560 3869 625 3906 mss.
646 3854 675 3906 et
694 3852 818 3922 Theoph.
839 3853 962 3909 addidit:
984 3853 1218 3926 »possidcrosve”‚
1240 3854 1315 3924 quod
1329 3870 1368 3908 vo

183 3937 313 3992 sabulum
329 3938 359 3992 in
378 3942 396 3993 t.
415 3940 466 4006 18,
487 3942 540 4010 §L
560 3941 593 3995 D.
614 3941 648 3995 de
667 3944 772 4011 accept.
793 3942 857 4012 (16,
878 3943 917 4014 4),
937 3945 986 3998 ubi
1005 3945 1074 4000 haee
1092 3943 1191 3999 eadem
1211 3961 1246 4000 ex
1265 3946 1367 4001 Floren-

183 4026 237 4082 tini
254 4027 327 4082 libro
347 4029 363 4082 8
383 4027 476 4084 Instit.
494 4030 660 4096 referuntur,
681 4032 766 4088 deest.
795 4033 839 4088 lbi
858 4037 953 4089 autem
973 4034 1057 4090 etiam
1076 4034 1145 4090 haec
1165 4035 1282 4092 »dolove
1294 4073 1365 4090 .....

183 4115 342 4188 possideas
362 4117 463 4174 omissa
482 4121 553 4174 sunt.
592 4120 760 4179 Mommsen:
781 4123 1011 4195 »possederasve”
1031 4124 1169 4198 proponit.
