2890 4616
254 33 318 101 326
619 54 710 107 man
726 39 778 105 IV.
792 57 850 104 m.
867 36 1061 124 §513-16.

253 223 505 314 vulneraverit,
536 229 610 298 sive
641 254 718 300 eam
750 227 1012 326 quadrupedem
1038 255 1129 330 quae
1153 224 1317 326 pecudum
1336 255 1384 298 nu·

250 363 348 410 mero
381 367 453 412 non
481 353 553 431 est,
574 341 684 412 veluti
701 355 828 413 'canem
851 352 911 414 aut
932 341 1043 414 feram
1064 343 1230 428 bestiam,
1252 340 1384 412 vulnen-

247 453 337 522 verit
362 465 420 524 aut
446 453 634 538 occiderit,
659 453 727 526 hoc
755 457 869 551 capite
894 457 987 527 actio
1013 457 1245 528 constituitur.
1282 455 1385 524 incae-

250 567 334 636 teris
360 593 500 665 quoque
526 566 689 639 omnibus
715 567 946 661 animalihuS,
971 571 1053 641 item
1075 571 1111 639 in
1134 567 1295 639 omnibus
1315 565 1386 637 rebus

250 701 339 772 quae
374 682 489 751 anima
520 692 641 752 carent
666 679 830 751 damnum
851 683 976 752 iniuria
998 681 1117 752 datum
1135 679 1201 751 hac
1219 689 1314 776 parte
1331 681 1388 747 viu-

250 787 397 862 dieatur.
448 796 477 865 si
515 794 599 893 quid
637 795 728 864 enim
763 805 878 865 ustum
912 805 972 866 aut
1005 805 1144 892 mptum
1177 805 1237 864 aut
1274 793 1387 862 fractum

248 901 370 993 firerit,
394 909 487 979 aetio
513 935 554 978 ex
579 906 647 979 hoe
673 909 789 1004 capite
807 910 1043 980 constituitur:
1064 932 1276 1006 quamquam
1296 907 1389 1002 poterit

173 1051 175 1056 ·
248 1015 323 1087 sola
354 1023 449 1117 rupti
474 1019 662 1118 appellatio
686 1023 723 1091 in
749 1048 871 1092 omnes
895 1024 980 1094 istas
1007 1049 1130 1115 causas
1155 1019 1331 1092 sufficeret
1352 1046 1389 1087 ru·

248 1142 345 1227 ptum
388 1136 483 1207 enim
523 1133 757 1234 intellegitur,
797 1162 939 1234 quoquo
976 1135 1083 1208 modo
1123 1145 1324 1230 corruptum
1352 1143 1389 1202 est
1418 1119 1419 1124 ἵ

247 1244 342 1317 unde
366 1275 437 1319 non
463 1246 577 1318 solum
604 1259 682 1320 usta
707 1259 766 1319 aut
789 1248 923 1334 tracta,
950 1247 1012 1320 sed
1039 1250 1143 1319 etiam
1168 1249 1280 1318 scissa
1302 1243 1390 1316 etcol-

248 1356 314 1428 lisa
344 1371 379 1431 et
418 1361 525 1432 effusa
556 1373 590 1433 et
614 1389 756 1460 quoquo
782 1362 889 1434 modo
914 1373 1094 1460 perempta
1120 1374 1224 1460 atque
1251 1359 1391 1430 deteriora

249 1473 344 1544 faeta
368 1473 437 1548 hoc
463 1474 572 1547 verbo
597 1478 840 1547 continentur:
866 1479 1001 1566 denique
1016 1499 1200 1564 responsum
1220 1481 1287 1560 est,
1307 1475 1332 1538 si
1346 1476 1391 1558 quis

251 1592 284 1654 in
316 1590 455 1656 alienum
486 1593 598 1656 vinum
629 1597 685 1656 aut
711 1590 817 1657 oleum
839 1593 873 1656 id
895 1593 1083 1668 immiserit,
1109 1611 1170 1676 quo
1193 1589 1343 1654 naturalis
1360 1589 1392 1650 bo

250 1698 333 1760 nitas
353 1699 421 1762 vini
440 1697 492 1761 vel
512 1696 573 1762 olei
593 1702 861 1782 corrumperetur,
884 1720 922 1762 ex
940 1697 1000 1762 hac
1015 1702 1104 1782 parte
1123 1696 1205 1784 legis
1226 1716 1302 1760 eum
1314 1696 1392 1758 tenen

252 1800 335 1865 Illud
360 1801 466 1886 palam
486 1808 550 1878 cst,
570 1805 652 1868 sicut
671 1807 831 1890 exprimo
851 1806 953 1890 capite
971 1805 1020 1867 ito¹
1037 1803 1166 1866 demum
1182 1804 1316 1886 quisque
1332 1807 1407 1862 tener

217 1985 218 1991 ἵ
251 1911 317 1990 tur,
338 1909 365 1970 si
386 1907 457 1971 dolo
477 1912 533 1971 aut
552 1909 645 1996 culpa
665 1913 735 2008 eius
746 1909 843 1975 homo
863 1915 919 1974 aut
938 1909 1115 1994 quadrupes
1139 1910 1262 1973 occisus
1286 1908 1392 1972 occisae

145 2059 148 2090 :
193 2073 195 2080 ,
250 2013 362 2096 fucrit,
394 2015 440 2078 ita
470 2034 508 2077 ex
530 2015 598 2080 *hoc
623 2019 724 2102 capite
748 2038 786 2080 ex
810 2015 881 2080 dolo
906 2019 962 2080 aut
986 2011 1140 2100 culpa'de
1163 2018 1288 2078 caetero
1310 2012 1419 2076 damno

117 2151 120 2181 ι
177 2188 181 2197 ,
250 2141 405 2208 quemque
428 2122 536 2184 teneri.
584 2118 652 2191 hoc
678 2125 796 2190 tamen
821 2122 935 2217 capite
956 2146 1027 2190 non
1050 2119 1172 2216 quanti
1189 2119 1225 2186 in
1251 2142 1294 2187 eo
1313 2125 1419 2201 anno,

249 2231 310 2324 sed
336 2233 457 2329 quanti
482 2233 519 2300 in
546 2231 671 2304 diebus
694 2235 839 2330 triginta
862 2234 1030 2330 proximis
1056 2257 1112 2302 res
1137 2230 1263 2322 fuerit,
1288 2226 1394 2321 obliga·

247 2355 304 2415 tur
330 2346 359 2415 is
385 2346 446 2441 qui
471 2342 637 2416 damnum
664 2344 812 2416 dederit.
853 2347 910 2416 Ae
937 2373 981 2416 ne
1006 2345 1151 2443 plurimi
1174 2341 1318 2440 quidem
1340 2365 1409 2408 vero

247 2456 329 2530 bum
351 2456 512 2528 adicitur.
551 2458 612 2528 sed
635 2455 770 2531 Sabino
791 2469 886 2530 recte
909 2458 1042 2555 placuit
1059 2457 1205 2555 perinde
1227 2452 1393 2528 habandan

247 2573 547 2664 aestimationem,
584 2597 625 2641 ac
664 2573 694 2642 si
733 2573 837 2648 etiam
874 2571 940 2644 hac
973 2583 1071 2669 parte
1105 2570 1250 2666 plurimi
1282 2566 1393 2640 verhuu

247 2682 421 2754 adiectum
454 2683 594 2754 ficisset:
627 2711 706 2754 nam
740 2684 878 2779 plebem
914 2686 1136 2776 Romanam,
1161 2708 1253 2781 quae
1278 2678 1393 2778 Aquilio

248 2794 391 2867 tribuno
416 2806 563 2895 rogante
588 2795 680 2866 hane
700 2796 816 2891 legem
838 2781 935 2890 tulit,
952 2808 1155 2869 contentam
1181 2795 1309 2887 fuisse,
1328 2788 1392 2888 quod

230 2909 360 3003 ¹prim‘a
385 2921 483 3005 parte
509 2935 551 2980 co
575 2907 685 2980 verbo
708 2935 772 2980 usa
798 2920 861 2980 est.

295 3019 482 3092 Caeterum
507 3022 640 3119 placuit
663 3023 710 3092 ita
737 3022 878 3092 demum
900 3047 942 3092 ex
965 3020 1032 3092 hac
1046 3022 1125 3120 lege
1140 3021 1406 3101 acfionemessea

247 3133 275 3200 si
311 3137 392 3230 quis
426 3137 612 3231 praecipue
634 3161 781 3230 corpore
808 3161 871 3205 suo
897 3134 1063 3212 damnum
1090 3134 1238 3205 dederit.
1277 3130 1389 3222 ideoque

248 3245 286 3312 in
319 3273 414 3338 eum,
448 3249 508 3344 qui
536 3247 606 3318 alio
633 3247 739 3319 modo
766 3248 931 3320 damnum
958 3247 1113 3341 dederit,
1138 3246 1244 3317 utiles
1270 3243 1388 3315 actiones

247 3353 323 3426 dari
357 3357 489 3430 solent:
524 3360 634 3432 veluti
665 3363 694 3432 si
729 3363 807 3458 quis
842 3360 1019 3432 hominem
1051 3359 1203 3430 alienum
1234 3368 1294 3430 aut
1315 3376 1388 3452 pecus

244 3470 291 3541 ita
326 3472 522 3558 incluserit,
554 3483 592 3542 ut
615 3473 706 3545 fame
732 3486 936 3564 necaretur,
963 3485 1022 3546 aut
1044 3476 1238 3546 iumentum
1266 3485 1329 3544 tam
1348 3491 1387 3536 vt·
