2880 4614
199 75 273 148 274
330 58 335 68 ’
575 93 661 144 ruer.
683 74 742 142 111.
765 93 858 144 xxm
879 76 916 162 ξς
929 75 1027 145 1-3.

205 271 265 334 erit
287 269 340 334 vel
361 288 424 333 non
448 268 587 352 potuerit
605 267 745 350 pretium
768 264 913 344 delinire,
933 271 1009 332 tunc
1027 288 1083 352 pro
1101 263 1207 332 nihilo
1228 288 1364 334 esseron

203 375 357 440 ditionem
388 374 477 457 quasi
505 371 594 437 nullo
624 374 726 457 pretio
753 377 883 438 statuto.
932 373 1015 458 quod
1044 377 1095 438 ius
1119 395 1196 439 cum
1219 376 1252 437 in
1274 375 1362 439 vendi·

142 525 145 530 -
203 482 343 546 tionibus
361 480 466 563 ,nobis
491 478 628 564 placuit,
652 498 715 544 non
739 483 786 544 est
810 478 984 544 absurdum
1006 485 1037 544 et
1059 482 1093 544 in
1115 481 1322 546 locationibus
1342 488 1365 546 et

203 585 464 653 conductionibus
497 585 631 650 trahere.
678 583 770 654 Item
806 585 956 681 pretium
987 580 1023 653 in
1058 595 1242 655 numerata
1266 611 1383 681 pecu-s

201 699 258 768 nia
295 696 488 766 consistere
518 693 635 765 debet.
687 709 767 766 nain
792 697 828 764 in
855 697 1003 767 caeteris
1030 696 1134 768 rebus
1164 723 1212 767 an
1234 699 1368 794 pretium

120 801 126 810 ’
200 835 277 882 esse
306 809 434 906 possit,
463 806 570 877 veluti
595 806 703 878 homo
729 820 789 879 aut
814 809 946 880 fundus
970 821 1030 880 aut
1054 820 1138 907 toga
1165 810 1310 880 alterius
1330 813 1369 880 rei

199 924 351 1022 pretium
376 946 452 992 esse
478 921 613 1018 possit,
636 919 741 992 valde
764 921 1009 1020 quaerebatur.
1039 921 1205 1014 ¹Sabinus
1228 934 1264 993 et
1285 922 1370 994 Cas-

200 1039 272 1109 sius
306 1037 412 1107 etiam
445 1035 480 1102 in
517 1033 586 1103 alia
620 1059 658 1104 re
691 1045 816 1130 putant
846 1061 950 1132 posse
983 1037 1134 1133 pretium
1171 1037 1370 1106 consistere:

85 1183 88 1186 ·
198 1150 293 1222 unde
323 1147 412 1218 illud
444 1156 520 1235 est,
547 1145 643 1244 quod
669 1147 777 1245 vulgo
804 1146 989 1218 dicebatur
1007 1173 1071 1245 per
1091 1150 1372 1245 permutationem

198 1290 314 1337 rerum
338 1261 550 1359 emptionem
575 1270 609 1329 et
630 1258 870 1331 venditionem
893 1259 1055 1331 contrabi
1069 1287 1217 1360 eamque
1230 1265 1372 1359 speciem

197 1377 384 1476 emptionis
415 1371 697 1471 venditionisque
723 1374 996 1444 vetustissimam
1023 1392 1116 1445 esse:
1143 1385 1372 1473 argumento-

196 1518 264 1591 que
297 1487 488 1560 utebantur
519 1483 660 1556 Graeco
694 1497 797 1582 poeta
833 1486 1015 1580 Homero,
1050 1488 1111 1584 qui
1139 1488 1258 1585 aliqua
1285 1499 1371 1585 parte

200 1604 390 1677 exercitum
417 1597 637 1668 Achivorum
670 1598 788 1668 vinum
814 1596 881 1668 sibi
910 1624 1134 1696 comparasse
1160 1602 1210 1670 ait
1234 1627 1375 1698 permu-

196 1717 278 1788 tatis
302 1709 514 1812 quibusdam
539 1709 665 1803 rebus,
689 1708 745 1780 bis
770 1710 907 1781 verbis:

378 1865 464 1932 ἔνθεν
487 1865 535 1948 ἄρ’
559 1867 697 1949 οἰνίζοντο
721 1870 968 1950 capessendorum
993 1873 1136 1951 Ἀχαιοί,

377 1972 468 2039 ἄλλοι
490 1976 548 2052 μὲν
570 1977 701 2056 χαλκῷ,
728 1974 819 2043 ἄλλοι
843 1977 868 2041 δ’
895 1974 1001 2042 attan
1027 1978 1150 2060 σιδήρῳ,

377 2078 468 2144 ἄλλοι
492 2080 523 2146 δὲ
547 2083 647 2161 ῥινοῖς,
673 2079 764 2147 ἄλλοι
789 2083 815 2148 δ’
839 2085 951 2167 αὐτῇσι
975 2083 1100 2164 βόεσσι,

376 2184 466 2252 ἄλλοι
491 2185 517 2252 δ’
540 2187 771 2268 ἀνδραπόδεσσι.

194 2341 361 2414 Diversae
387 2335 532 2410 scholae
556 2349 719 2408 auctores
745 2349 868 2410 contra
891 2338 1091 2411 sentiebant
1110 2340 1279 2438 aliudque
1302 2367 1369 2412 esse

190 2451 437 2528 existimabant
468 2451 760 2549 permutationem
795 2479 942 2548 rerum,
963 2452 1058 2525 aliud
1093 2456 1308 2551 emptionem
1343 2465 1371 2524 et

187 2569 436 2642 venditionem.
488 2564 646 2661 alioquin
681 2591 752 2635 non
777 2592 881 2663 posse
908 2594 983 2639 rem
1010 2567 1167 2664 expediri
1192 2583 1366 2664 permuta·

188 2685 232 2766 tis
258 2680 381 2766 rebus,
407 2703 497 2777 quae
522 2677 684 2748 videatur
707 2704 764 2750 res
789 2681 928 2752 venisse
946 2691 1089 2778 atquae
1107 2683 1212 2777 pretii
1231 2683 1367 2753 nomine

186 2796 268 2866 data
295 2809 388 2864 esset
408 2817 489 2861 nam
508 2801 692 2888 utramque
712 2792 823 2864 videri
842 2803 880 2864 et
897 2796 1034 2866 venisse
1053 2806 1088 2865 et
1105 2797 1209 2891 pretii
1229 2798 1364 2866 nomine

185 2908 303 2979 datam
329 2880 406 2977 esse
432 2904 604 2989 rationem
630 2930 702 2973 non
728 2907 811 3002 pati.
859 2908 914 2973 sed
937 2908 1066 2974 Proculi
1089 2914 1247 2975 sententia
1267 2911 1362 2976 dicen-

186 3025 229 3088 tis
258 3021 526 3107 permutationem
556 3019 718 3102 propriam
746 3040 812 3086 esse
846 3024 984 3108 speciem
1015 3027 1194 3088 contractus
1218 3045 1237 3089 a
1261 3025 1362 3093 vendi-

186 3130 271 3193 tione
294 3130 472 3210 separatam
494 3124 607 3188 merito
629 3124 825 3208 praevaluit,
850 3148 925 3192 cum
945 3131 977 3193 et
998 3129 1069 3212 ipsa
1092 3127 1165 3192 aliis
1187 3127 1361 3196 Homericis

186 3233 329 3301 versibus
341 3228 367 3318 ¹)
404 3230 574 3294 adiuvatur
604 3233 636 3294 et
666 3229 875 3298 validioribus
905 3233 1081 3298 rationibus
1112 3241 1358 3321 argumentatur.

183 3339 267 3426 qnod
286 3343 317 3403 et
338 3337 507 3402 anteriores
527 3333 594 3401 divi
613 3338 771 3422 principes
789 3339 986 3404 admiserunt
1007 3344 1038 3404 et
1058 3341 1091 3402 in
1105 3343 1222 3405 nostris
1234 3341 1358 3429 digestis

180 3446 279 3511 latius
309 3440 517 3531 significatur.
565 3437 648 3506 Oum
678 3446 787 3507 autem
816 3448 934 3531 emptio
966 3450 997 3510 et
1030 3445 1174 3511 venditio
1206 3453 1373 3513 contractas

180 3555 222 3617 sit
247 3589 289 3600 -
314 3549 398 3636 quod
415 3547 495 3620 effici
516 3547 674 3625 diximus,
694 3547 888 3634 simulatque
905 3551 943 3616 de
960 3553 1062 3636 pretio
1075 3555 1277 3630 convenerit,
1291 3574 1355 3618 cum

180 3661 247 3724 sine
278 3659 434 3742 scriptura
456 3675 506 3720 res
528 3657 637 3741 agitur
659 3688 721 3739 -,
743 3656 923 3740 perieulum
945 3658 998 3722 rei
1014 3658 1163 3746 venditae
1187 3662 1298 3724 statim
1320 3659 1353 3723 ad

180 3767 354 3847 emptorem
386 3763 537 3847 pertinet,
574 3763 703 3826 tametsi
733 3761 836 3826 adhue
866 3783 902 3827 ea
925 3782 974 3828 res
998 3767 1134 3849 emptori
1162 3766 1280 3831 tradita
1301 3785 1354 3828 non

178 3871 231 3934 sit.
278 3859 386 3952 itaque
409 3869 437 3931 si
460 3865 555 3932 homo
578 3871 725 3932 mortuus
745 3869 788 3932 sit
807 3867 860 3935 vel
879 3868 986 3953 aliqua
1004 3875 1094 3955 parte
1106 3873 1245 3956 corporis
1258 3871 1352 3936 laesus

179 4053 402 4068 nauum——

208 4124 748 4199 1)ss.6,235,cf.1tig.18,1,1.
