3024 4574
131 25 199 92 ,ἮΙΙΙ
359 28 362 32 ’
641 29 700 73 Pan
708 29 827 74 atnrtc.

137 195 220 248 verba
244 194 359 248 laudare
386 196 457 249 solet
475 196 526 249 Vir
545 195 601 250 ot:
623 205 710 259 »νοῦς
731 201 773 268 δρᾷ
792 203 833 250 nal
852 207 922 260 νοῦς
942 201 1022 253 ἀκούει
1041 198 1119 253 κτλ.”
1159 199 1247 264 Quam
1266 215 1330 252 vere

33 283 39 292 ⁸
108 295 111 304 ’
137 315 250 352 auream
277 301 402 370 regulam
426 303 457 355 ut
484 303 715 371 etiam-exemplo
736 319 769 356 ex
790 302 890 357 Codice
910 303 1012 357 Veron.
1033 303 1187 368 illustrem,
1209 305 1277 371 (non
1297 306 1331 357 ut

32 399 63 466 ”.,
138 403 206 457 alios
233 403 359 458 criticam
379 405 507 470 doceam,
528 406 576 460 sed
594 424 648 475 quo
668 407 757 477 magis
777 425 861 475 quam
880 407 1017 462 rationem
1038 408 1089 461 sim
1109 410 1220 462 secutus
1238 416 1330 462 osten-

138 508 228 575 dam),
255 510 362 579 siquis
388 509 474 564 oculis
498 512 609 565 tantum
636 512 724 581 legat,
752 510 784 565 G.
803 512 846 565 III
874 515 889 580 ἓ
911 513 964 566 216
985 512 1225 567 mendosissimam
1243 514 1330 568 immo

136 613 346 668 furiosissimam
366 615 514 669 lectionem
533 615 707 669 exhibiturus
727 624 783 670 est:
807 598 1026 671 »introducimus
1046 617 1153 672 factum
1170 619 1245 698 est,''
1263 637 1328 688 pro:

54 696 69 774 ,ι
138 720 296 773 »introduci
315 719 494 774 manifestum
514 721 574 774 est''
593 723 626 774 ut
645 720 707 774 edd.
727 739 822 776 omues
842 725 916 776 recte
936 723 1080 807 praebent.
1119 722 1156 777 Et
1176 725 1273 778 tamen
1292 740 1326 777 ne

137 824 265 878 litterula
289 825 401 894 quidem
424 825 453 878 iu
479 843 510 880 eo
536 825 596 880 loco
617 827 729 896 (psal.
740 847 766 880 v.
778 828 817 896 5.)
837 827 970 881 mendosa
989 829 1040 880 est.
1071 827 1143 892 Quid
1162 827 1223 882 ita?
1253 829 1329 882 Haeo

82 955 86 960 ·
138 929 310 983 scribuntur:
330 929 486 983 »introduci
504 930 550 983 mf.
572 931 620 995 θ;”
641 931 691 983 illa
710 933 752 999 (et
769 934 806 984 sic
824 931 873 984 ll.
894 933 1014 1000 exstat):
1036 930 1233 986 »introducim'
1254 932 1274 986 i.
1286 933 1328 986 e.''

175 1033 310 1098 Quorsum
335 1035 423 1105 igitur
445 1035 514 1088 baec
538 1037 686 1105 spectant?
724 1036 778 1101 llo,
805 1038 854 1100 ut,
882 1036 904 1088 si
924 1035 985 1104 quis
1005 1037 1117 1090 intenta
1136 1037 1196 1090 acie
1215 1037 1328 1108 legerit,

137 1138 316 1206 plerumque,
345 1139 390 1194 vel
411 1141 465 1194 fere
486 1157 608 1210 semper,
629 1157 663 1194 cx
682 1139 749 1209 ipsis
768 1139 876 1193 mendis
896 1139 1120 1194 emendationem
1139 1143 1253 1195 tantum
1271 1160 1328 1196 non

137 1243 244 1296 elucere
263 1243 415 1298 videamus.
452 1245 505 1298 Sed
524 1248 552 1298 et
571 1244 643 1299 illud
663 1261 833 1313 consequens
853 1246 908 1310 est,
927 1247 961 1298 ut
981 1244 1004 1298 si
1020 1246 1130 1298 attente
1140 1247 1169 1300 et
1179 1245 1329 1316 diligenter

136 1348 247 1418 singula
275 1367 400 1418 quaeque
430 1349 659 1418 spectaverinrus,
691 1354 720 1405 et
748 1349 777 1402 in
807 1348 931 1402 animum
961 1349 1167 1414 induxerimus,
1189 1351 1327 1419 quomodo

136 1452 236 1520 Gaius,
265 1455 315 1507 ubi
344 1472 496 1509 sermonem
516 1455 574 1509 eius
593 1473 649 1509 non
669 1455 812 1510 videamus
832 1453 963 1508 ascribis
986 1471 1098 1524 pessum
1112 1454 1229 1524 datum,
1250 1455 1328 1524 loqui

137 1560 240 1624 soleat,
269 1559 383 1626 deinde,
408 1561 456 1614 ubi
475 1561 565 1615 scriba
582 1561 612 1613 in
631 1560 811 1614 manilestum
831 1577 951 1614 errorem
971 1559 1114 1624 inciderit,
1134 1576 1206 1628 quae
1225 1562 1327 1613 natura

138 1667 167 1717 et
193 1682 276 1718 causa
300 1665 358 1718 eius
385 1666 482 1719 erroris
508 1667 558 1720 sit:
585 1668 648 1719 tum
672 1682 735 1720 vero
761 1668 794 1719 ut
816 1665 872 1718 iarn
897 1664 1007 1718 obedire
1033 1664 1171 1735 possimus
1191 1664 1327 1718 secundae

138 1873 202 1926 bere
222 1890 285 1927 eum
307 1875 470 1943 oportuerit.
499 1875 558 1928 Hoc
577 1892 642 1930 vere
661 1885 704 1928 est
723 1875 784 1944 ipsa
803 1874 906 1928 menda
924 1873 1074 1944 respicere:
1091 1891 1147 1927 non
1164 1891 1219 1942 quo
1229 1875 1329 1928 lectori

138 1977 264 2032 taedium
297 1996 441 2048 paremus,
473 1979 546 2033 inter
579 1982 661 2034 notas
690 1997 722 2034 ea
750 1979 919 2044 referentes,
949 1979 1012 2043 sed,
1041 1981 1088 2044 ut,
1118 1996 1200 2032 causa
1229 1971 1328 2033 erroris

136 2085 295 2154 perspecta,
323 2085 398 2138 locos
425 2085 582 2154 deperditos
605 2085 670 2139 indo
690 2085 877 2140 emendemus.
916 2084 976 2149 Qun
995 2084 1024 2136 in
1044 2100 1072 2136 re
1093 2087 1170 2154 (cum
1191 2085 1245 2138 uno
1265 2087 1328 2138 tan·

136 2190 199 2242 tum
229 2189 321 2243 codice
350 2190 513 2260 plerumque
541 2193 667 2260 utamur)
698 2191 818 2244 severior
847 2207 936 2254 eram,
967 2206 1057 2258 neque
1082 2189 1107 2242 si
1132 2189 1194 2242 aliis
1212 2189 1241 2242 iu
1261 2191 1327 2243 Μεθ’.

137 2293 240 2346 scribas
270 2294 338 2348 alios
366 2295 419 2348 hoc
446 2295 490 2348 vel
518 2295 591 2348 illud
619 2295 750 2348 mendum
775 2295 872 2348 fecisse
899 2296 1071 2364 compertum
1091 2293 1244 2358 habebam,
1264 2269 1327 2348 ideo

135 2397 194 2452 iarn
221 2393 299 2452 idem'
321 2402 443 2454 statuere
469 2414 513 2453 me
539 2401 667 2470 possein
689 2399 754 2454 (lod.
778 2401 839 2454 Ver.
859 2372 1003 2468 putabam.
1041 2399 1141 2468 Itaque
1161 2398 1328 2454 coniecturis

138 2502 366 2572 supersedebarn,
392 2505 440 2557 ubi
464 2508 519 2558 non
546 2504 719 2575 singulorum
744 2505 908 2558 mendorum
936 2519 1034 2558 causae
1055 2519 1089 2558 ex
1107 2504 1160 2558 hoc
1180 2504 1241 2575 ipso
1261 2505 1327 2560 Cod.

137 2607 208 2660 mihi
226 2613 388 2678 perspectae
405 2609 574 2664 viderentur.

159 2711 239 2789 'Dixi
265 2731 314 2767 nos
334 2717 487 2784 plerumque
509 2732 564 2768 uno
584 2717 696 2768 tanturn
717 2713 811 2773 codice
831 2715 883 2767 uti.
921 2713 985 2766 Non
1005 2714 1048 2766 est
1067 2713 1156 2777 enim,
1176 2713 1251 2781 quod
1269 2730 1329 2768 rno-

136 2834 233 2882 neam‚
254 2820 365 2888 saepius
385 2819 490 2889 Corpus
510 2820 578 2874 iuris
601 2837 710 2888 quoque
733 2819 951 2882 Iustinianeum‚
978 2817 1120 2872 interdum
1146 2817 1233 2871 etiam
1259 2817 1328 2872 alios

136 2921 283 2992 scriptores
318 2922 457 2994 (inprimis
498 2924 661 2979 Collationis
689 2924 744 2994 leg.
773 2923 842 2977 Mos.
872 2926 900 2976 et
928 2923 1020 2992 Rom.)
1050 2921 1130 2977 nobis
1162 2921 1214 2975 Gai
1243 2923 1328 2976 verba

136 3019 278 3097 praebere.
317 3030 375 3095 Quo
405 3029 509 3085 auxilio
536 3030 621 3083 etiam
650 3030 714 3099 plus
740 3028 946 3092 admiraremur,
967 3027 1035 3093 nisi,
1055 3027 1114 3080 iure
1135 3029 1262 3091 mutato,
1282 3026 1327 3080 hic

135 3133 195 3188 illic
220 3135 347 3188 consulto
373 3133 479 3188 Gaiana
502 3152 519 3187 a
542 3134 696 3188 Instiniano
723 3136 833 3188 mutata
858 3136 950 3187 essent
979 3135 1007 3187 et
1033 3133 1217 3202 interpolata,
1237 3149 1327 3202 neque

136 3238 343 3294 evidentissime
374 3241 535 3310 appareret,
571 3241 757 3292 tribonianum
788 3241 930 3308 exemplari
959 3238 1014 3292 Gnc'
1037 3239 1229 3291 Institutionum
1253 3256 1328 3290 asum

136 3363 202 3416 esse,
229 3347 299 3416 qnod
322 3365 352 3398 en
377 3348 462 3400 codem
479 3347 557 3414 forne
582 3357 740 3408 emanasset,
767 3348 834 3398 unde
865 3345 927 3398 Cod.
952 3346 1009 3398 Ver.
1030 3345 1146 3414 defluxit.
1184 3343 1268 3398 Cuius
1288 3343 1328 3397 rei

137 3451 266 3520 exempla
290 3450 394 3520 passim
420 3450 628 3516 adnotabimus;
654 3468 689 3504 ne
715 3453 810 3504 autern
835 3450 893 3504 sine
911 3450 972 3510 ‚ulla
991 3451 1156 3519 probatione
1175 3448 1205 3502 id
1226 3447 1328 3502 dixisse

136 3555 244 3620 videar,
271 3572 327 3610 uno
354 3556 454 3610 saltem
477 3556 604 3626 exemplo
625 3555 817 3622 ostendamus,
838 3555 930 3625 quoad
948 3555 1028 3610 nobis
1048 3555 1091 3609 uti
1110 3555 1195 3610 liceat
1214 3553 1329 3608 Iustini-

137 3677 191 3715 ano
218 3659 254 3714 ad
273 3659 374 3715 Gaium
393 3661 607 3715 emendandum.
627 3661 679 3715 Lib
697 3661 739 3714 Ill
759 3663 774 3730 ξ
795 3661 849 3712 222
871 3659 948 3730 (Cod.
968 3661 1033 3714 Ver.
1053 3679 1081 3730 p.
1104 3661 1156 3714 186
1178 3679 1202 3714 v.
1223 3659 1328 3730 4-1‘1)

136 3765 206 3819 haec
225 3764 375 3820 babemus:
404 3765 505 3820 »Servo
525 3768 620 3820 autem
637 3765 692 3835 ipsi
711 3774 738 3834 ρ,
758 3767 898 3836 (zquod,
919 3765 992 3834 lege:
1011 3761 1056 3834 [¹111.
1072 3785 1108 3816 =
1125 3767 1238 3837 quidem)
1250 3765 1330 3818 nulla

136 3869 239 3924 iniuria
264 3871 439 3942 intellegitur
464 3871 538 3936 fieri,
565 3871 613 3924 sed
637 3870 748 3925 domino
773 3887 822 3940 per
848 3887 912 3924 eum
934 3870 994 3924 fieri
1013 3869 1138 3936 videtur;
1159 3887 1214 3924 non
1233 3872 1333 3924 tamen·

140 3975 266 4046 [ilisdem
292 3976 396 4042 modis,
422 3975 522 4045 quibus
548 3975 635 4030 etiarn
659 3993 709 4046 per
733 3975 835 4030 liberos
862 3977 971 4030 nostros
997 3975 1043 4031 tel
1065 3992 1178 4041 uxores,
1197 3975 1332 4030 iniuriam

1482 207 1501 232 ⁴

137 1768 194 1838 legi
219 1769 287 1822 artis
312 1769 440 1836 criticae,
466 1770 638 1839 quaerendo,
658 1787 714 1823 non
734 1769 802 1838 quid
822 1769 963 1838 scripserit
982 1769 1087 1833 scriba,
1107 1769 1156 1822 sed
1175 1769 1243 1838 quid
1262 1769 1327 1823 scri-
