2890 4616
192 14 258 100 tis
500 113 502 117 ¹
526 29 690 96 mouere
712 30 756 95 n>
779 44 833 96 arr
855 10 898 94 il.
921 25 939 114 ς
962 2 1041 96 acl.

183 222 289 278 Verum
316 219 370 274 hoc
397 217 512 273 missum
541 215 627 272 lacior
655 214 728 269 illud
755 232 871 285 quaero:
900 234 934 270 an
959 219 993 272 ut
1016 217 1046 271 in
1071 215 1172 271 iisdem
1200 215 1311 286 legibus
1326 207 1370 266 illi

185 312 245 368 tab.
270 309 389 381 legimus
416 307 475 362 »uti
497 306 595 377 lingua
613 305 811 376 nuncupassit,
831 306 873 361 ita
891 307 935 360 ius
954 305 1041 374 esto'',
1059 324 1117 378 qua
1136 308 1166 361 in
1186 305 1252 377 lege
1270 303 1371 360 minine

186 403 334 459 obscumm
359 400 415 464 est,
438 397 484 451 oui
501 395 632 454 iubeatur
649 398 691 450 ius
709 411 783 462 esse,
804 425 838 436 »
862 395 968 452 scilicet
989 398 1016 452 ei
1033 395 1103 467 ipsi,
1122 396 1172 466 qui
1191 397 1291 466 palam
1309 387 1381 447 dixe

185 494 226 547 rit
253 493 283 546 et
308 487 506 552 declaraverit,
530 516 564 526 -—
592 485 631 541 sic
655 485 686 538 in
710 485 764 540 hac
788 503 897 556 quoque
920 487 981 558 lege
1000 487 1091 542 iuberi
1114 487 1244 543 dicamus
1261 485 1307 538 ius
1326 501 1374 538 esse

184 578 332 637 testatori?
370 578 422 644 st,
450 579 534 647 puto,
559 576 613 632 hoc
636 575 749 645 quidem
775 575 858 630 nimis
885 577 1036 632 absurdum
1060 580 1141 634 esset.
1180 575 1256 643 Quid
1275 574 1374 646 igitur?

183 672 229 725 ins
246 667 391 740 publicum
409 682 469 722 esse
487 665 621 720 iubetur?
640 665 699 720 Hoc
718 683 843 735 quoque,
864 666 961 734 credo,
980 667 1117 723 absonum
1136 670 1221 722 esset.
1253 665 1293 720 At
1308 664 1375 718 dire

183 760 223 816 rit
244 759 320 829 quis,
346 757 415 829 quid
439 758 472 812 tu
495 773 545 811 nos
564 755 784 825 quaestiunculis
802 755 864 810 istis
880 756 1003 828 negotiis
1021 757 1145 814 facessis!
1164 773 1209 812 res
1230 758 1276 810 est
1295 754 1375 809 mani-

183 851 270 907 festa:
295 847 339 903 ius
363 864 422 902 esse
447 847 559 902 iubetur
581 845 687 901 heredi.
724 846 824 901 Audio.
854 846 925 912 Quid
953 863 1018 902 vero
1038 846 1062 901 si
1081 848 1173 902 tutela
1192 847 1231 901 ad
1249 845 1375 900 heredem

186 955 242 996 non
266 937 410 1010 pertinet?
438 935 555 991 Tutelae
579 935 666 1007 igitur
689 935 734 990 ius
759 939 819 991 esto
842 937 939 992 tutori.
976 937 1076 1007 Itaque
1096 938 1119 994 si
1138 938 1221 992 heres
1240 935 1376 990 heredita
1433 989 1434 992 ,

181 1033 239 1086 tem
268 1045 395 1100 spernere
418 1026 553 1092 voluerit,
580 1028 658 1082 tutor
682 1025 831 1081 institutus
849 1025 971 1082 noluerit
998 1044 1094 1099 gerere
1122 1027 1261 1092 tutelam,
1282 1042 1376 1096 cogen-
1433 1059 1434 1062 =

181 1119 246 1174 dine
271 1120 351 1185 sunt,
376 1117 442 1188 qnia
467 1117 596 1173 testatori
621 1115 760 1187 placuerit
780 1116 871 1188 legem
891 1117 1000 1172 dicere?
1038 1118 1102 1172 Non
1121 1134 1232 1183 vereor,
1258 1133 1298 1170 ne
1318 1115 1373 1185 quis

180 1210 234 1266 hoc
252 1209 356 1264 audeat
375 1207 530 1263 defendere.
568 1207 668 1278 Itaque
689 1207 741 1262 hoo
759 1209 873 1262 tantum
891 1207 1056 1278 praescribit
1074 1209 1135 1274 lex,
1155 1207 1179 1261 si
1196 1207 1283 1261 heres
1303 1207 1374 1260 bere-

181 1297 301 1354 ditatem
330 1297 466 1364 creverit,
485 1299 564 1352 tutor
591 1315 693 1352 munus
717 1296 881 1366 impositum
906 1297 1071 1368 susceperit,
1100 1301 1169 1352 tunc
1194 1299 1229 1351 ut
1248 1295 1375 1368 voluntas

182 1388 325 1446 testatoris
352 1406 402 1458 pro
432 1369 530 1443 norma
554 1387 665 1456 utrique
691 1385 737 1442 sit.
774 1386 829 1440 Ain
854 1403 918 1442 voro
940 1387 1157 1458 »perscribam
1186 1387 1281 1442 Immo
1302 1387 1375 1455 quasi

180 1479 286 1551 Oedipo
309 1479 468 1550 aenigmata
493 1477 626 1537 solvenda
650 1476 746 1532 decem
768 1476 823 1532 viri
845 1478 1015 1548 proposituri
1037 1480 1144 1544 essent,
1170 1478 1210 1532 ric
1230 1478 1374 1532 verborum

180 1567 331 1625 involucris
356 1567 524 1624 sententiam
550 1567 649 1633 istam,
675 1567 699 1621 si
720 1567 877 1634 habebant,
901 1568 990 1640 magis
1008 1569 1191 1634 obtexerunt,
1212 1585 1302 1638 quam
1320 1584 1374 1622 ver-

180 1659 225 1715 bis
250 1652 455 1729 exprcsserunt:
481 1673 547 1712 nam
573 1675 637 1712 cum
665 1656 720 1710 arei
739 1673 804 1711 suae
824 1674 906 1728 super
924 1659 1043 1728 pecunia
1060 1659 1204 1714 tutelave”
1224 1657 1312 1714 satis
1327 1670 1373 1710 oo

179 1749 272 1818 piosa
296 1747 475 1812 dixissent,
497 1760 607 1814 neque
632 1760 807 1814 personas,
827 1760 914 1821 quae
933 1748 1148 1816 iuberentur,
1166 1761 1282 1815 neque
1303 1761 1374 1802 con-

180 1837 340 1903 ditiones,
366 1837 489 1904 quibus
508 1837 572 1892 hae
590 1839 749 1904 parerent
775 1835 849 1904 lege
866 1845 931 1893 sua
949 1839 1217 1894 declaraverunt.
1257 1836 1375 1892 Accedit

180 1927 259 1984 rure
282 1927 410 1999 gesur,
434 1926 509 1995 quoa
531 1926 589 1980 am
612 1928 674 1982 aa
695 1927 743 1981 ar
778 1927 802 1981 rr
826 1943 888 1984 carr
910 1929 952 1986 ar
975 1929 1205 1998 interpretamur,
1233 1911 1377 1982 rra-,sarr

181 2019 301 2089 temporis
329 2019 447 2071 videatur
478 2034 546 2082 esse,
574 2018 620 2071 sed
646 2019 725 2070 multo
754 2019 872 2072 iarum.
914 2019 1019 2090 Legata
1047 2019 1122 2074 enim
1151 2018 1319 2074 confirmare
1349 2019 1376 2070 et

174 2107 214 2162 de
245 2106 338 2161 tutela
369 2105 461 2160 nescio
492 2106 560 2177 quid
588 2106 707 2173 moire,
738 2124 795 2162 non
819 2108 889 2177 suit,
918 2109 1012 2176 credo,
1037 2108 1222 2180 legislatoris,
1246 2107 1376 2164 nondum

180 2212 307 2270 expresse
326 2211 455 2252 concessa
472 2198 613 2268 potestate
632 2195 707 2266 patri
722 2196 858 2264 familias,
874 2199 1004 2254 heredem
1022 2199 1073 2253 sibi
1091 2217 1175 2269 quem
1190 2200 1282 2254 vellet
1297 2197 1376 2252 insti-

178 2285 272 2356 tuere,
300 2287 423 2341 tutorem
451 2302 535 2355 quem
560 2285 646 2341 vellet
671 2285 793 2342 familiae
818 2288 893 2344 dare.
931 2289 1005 2344 Satis
1033 2289 1108 2344 enim
1133 2292 1262 2356 constat,
1291 2288 1374 2342 fuisse

178 2375 319 2449 quondam
344 2379 470 2446 tempus,
496 2393 552 2445 quo
577 2393 620 2430 res
646 2375 796 2433 familiares
819 2393 915 2432 revera
938 2375 1063 2432 familiae
1086 2379 1179 2443 erant,
1206 2393 1265 2430 non
1285 2374 1374 2446 patr'n

178 2467 315 2533 familias,
339 2467 498 2535 tutelaque,
523 2465 568 2520 ius
592 2465 621 2520 in
645 2465 737 2537 capite
760 2467 864 2532 libero,
884 2466 1112 2522 exercebatnrin
1131 2466 1314 2521 commodum
1333 2465 1373 2519 fa·

175 2558 285 2624 miliae,
306 2549 347 2612 'ad
370 2537 453 2612 cuius'
472 2558 582 2625 patrem
607 2555 767 2626 pertinebat
789 2556 845 2626 (Cf.
864 2573 935 2626 quae
954 2557 1013 2610 dixi
1039 2556 1076 2610 ad
1100 2556 1129 2622 I,
1153 2559 1187 2625 §p
1213 2557 1289 2622 192,
1307 2555 1373 2620 181,

175 2649 218 2716 H,
248 2651 263 2719 ξ
286 2649 342 2720 11).
379 2647 418 2702 Et
443 2646 567 2717 profecto
595 2661 753 2700 concessam
778 2663 836 2700 csse
862 2648 1031 2716 potestatem
1057 2647 1130 2700 hanc
1155 2645 1293 2700 heredem
1321 2643 1373 2700 sibi

176 2738 262 2792 dardi
287 2741 341 2809 iope
364 2736 486 2807 quadam
509 2737 569 2790 XII
590 2737 669 2790 tubal.
694 2735 830 2806 Ulpianus
855 2739 953 2792 auctor
976 2737 1020 2792 est
1039 2737 1069 2806 (l.
1092 2737 1143 2790 130
1165 2735 1199 2790 D.
1220 2735 1255 2790 de
1277 2755 1308 2802 v,
1324 2739 1370 2806 s.):

177 2827 256 2898 »lege
282 2825 412 2882 obvenire
436 2824 622 2880 hereditatem
646 2841 703 2880 non
726 2825 876 2896 improprie
895 2825 957 2896 quis
977 2825 1079 2880 dixerit
1097 2828 1126 2880 et
1144 2842 1223 2900 eam,
1242 2844 1319 2896 quae
1339 2843 1369 2880 cr

175 2918 344 2986 testamento
369 2913 597 2984 serenumque
621 2916 676 2984 lepe
701 2915 764 2968 XII
785 2916 836 2970 tab.
863 2917 1071 2970 arcumentcmoe
1095 2919 1250 2972 hereditates
1276 2920 1370 2988 coufir-

175 3003 307 3060 mnntur.''
345 3005 443 3074 Neque
465 3002 701 3072 veroquisquam
725 3003 852 3074 negabit,
872 3003 941 3073 quin
966 3005 1028 3076 lege
1053 3023 1122 3076 opus
1141 3006 1228 3061 inerit
1246 3007 1287 3060 ad
1308 3025 1368 3062 con·

174 3092 311 3154 firmanda
345 3109 379 3148 ea
413 3093 514 3148 saltem
542 3093 727 3172 testamenta,
756 3110 827 3163 quae
856 3111 906 3164 per
933 3094 1168 3166 mancipationem
1196 3097 1368 3168 perageban-

172 3187 229 3238 tur.
268 3181 397 3254 Rogabat
420 3181 450 3235 in
472 3198 506 3248 aa
524 3183 591 3237 fam.
611 3185 733 3253 emptor,
751 3181 906 3240 mandabat
924 3186 1056 3250 testator,
1076 3183 1144 3254 qnid
1162 3188 1229 3255 post
1247 3190 1367 3242 mortem

174 3289 253 3328 suam
281 3271 341 3326 dari
367 3270 467 3327 vellet:
497 3275 527 3326 et
554 3273 587 3326 ut
617 3275 770 3338 taceamus,
797 3273 849 3328 hoc
878 3273 1043 3328 mandatum
1070 3273 1132 3345 ipsa
1160 3279 1252 3330 mortu
1283 3276 1365 3330 inter-

170 3362 300 3419 veniente
328 3378 505 3427 evanescere,
532 3360 596 3430 quis
623 3361 738 3417 tandem
766 3362 802 3416 ab
831 3362 890 3432 ipso
919 3365 1009 3418 teredo
1035 3364 1081 3435 [cf.
1110 3364 1163 3419 Gai
1185 3366 1364 3434 §103,1.ib.

170 3453 219 3524 11),
238 3437 409 3524 postularet,
429 3454 463 3506 ut
481 3468 515 3506 ex
533 3450 639 3507 tabulis
658 3470 684 3507 se
703 3454 819 3509 heredem
839 3453 964 3508 faceret?
984 3443 1025 3506 Of.
1041 3472 1150 3526 quoque
1165 3473 1238 3526 qnae
1254 3455 1317 3510 dixi
1331 3455 1363 3508 ad

172 3541 224 3596 Gai
242 3541 284 3608 H,
309 3541 399 3610 5102.
437 3537 509 3606 Quid
527 3542 614 3612 ergo?
642 3541 741 3597 Alione
757 3537 812 3598 tuit
831 3542 948 3598 fortasse
966 3542 1013 3598 lex
1030 3543 1110 3598 nobis
1128 3544 1292 3614 deperdita,
1312 3562 1362 3614 qus

169 3631 238 3686 haec
266 3632 391 3702 potestas
419 3645 549 3684 concessa
577 3631 638 3686 est?
675 3630 779 3698 Immo,
808 3651 839 3688 en
866 3635 921 3704 inse
946 3635 1016 3703 lepe,
1041 3633 1075 3687 de
1101 3651 1158 3704 qua
1182 3633 1362 3689 iamdudum

168 3721 291 3794 agimum
315 3720 369 3775 hoc
388 3723 502 3775 cautum
521 3718 620 3786 burso,
639 3719 698 3791 ipse
718 3720 803 3776 Gaius
822 3721 946 3778 declarat
964 3723 1028 3778 hoe
1046 3725 1161 3778 nostro
1180 3724 1274 3779 loco:
1296 3741 1359 3794 »quo

168 3820 284 3875 caretro,
311 3819 341 3864 ut
364 3812 434 3882 quod
458 3812 563 3881 quisquc
587 3812 618 3864 de
643 3829 671 3865 re
696 3830 754 3881 sun*
770 3814 914 3868 metamus
937 3822 1016 3878 esset,
1042 3815 1072 3866 id
1092 3823 1179 3867 ratum
1199 3813 1357 3868 sabaricus

168 3898 239 3965 Quid
265 3899 299 3954 do
324 3899 433 3953 tutela?
461 3901 642 3954 »Testamenta
668 3901 783 3972 qaoque'¹
809 3901 851 3957 ait
873 3901 1009 3972 Ulpianus
1028 3902 1089 3956 loco
1109 3903 1241 3970 laudato,
1264 3905 1357 3958 ›noud-

167 3990 250 4052 rrorim
269 3990 359 4042 aroris
378 3989 437 4040 dati
454 3987 695 4044 confirmantur
714 3987 832 4047 eadem
849 3989 955 4057 lege’.
994 3991 1047 4048 Sed
1066 3992 1191 4063 prolecto
1212 3993 1295 4050 nimis
1313 3993 1356 4046 diu

162 4075 193 4133 in
217 4075 279 4131 istis
304 4075 393 4165 nugis:
411 4093 560 4164 moramur.
587 4079 724 4150 »Lapurd'
742 4079 818 4144 enim
836 4098 991 4152 numquam
1009 4081 1185 4154 significabat
1205 4075 1302 4158 »lepris
1318 4086 1354 4138 di·
