3024 4574
454 620 669 778 annuus
699 687 984 782 assuerunt.

119 945 402 1034 []Signifiaant:
428 956 462 1011 lu
493 955 575 1013 tenta
605 949 703 1014 verba
732 948 855 1014 inclusa
878 950 1057 1013 aonieturae
1081 947 1206 1026 deberi,
1231 969 1313 1033 quae

428 1071 497 1155 ipsa
518 1074 596 1134 tune
619 1072 736 1154 scripta
758 1074 833 1133 sunt
856 1075 899 1129 his
917 1075 1037 1147 litteris3
1062 1071 1091 1132 si
1110 1072 1251 1154 spatium
1271 1071 1327 1134 iis-

428 1191 462 1254 in
482 1187 599 1256 Codice
620 1196 681 1268 est,
700 1191 755 1254 sed
773 1189 898 1254 litterae
917 1194 973 1254 aut
994 1189 1146 1255 evanidas
1158 1196 1313 1256 autmen·

423 1311 515 1414 desae
538 1317 629 1388 sunt,
654 1317 783 1376 tantum
801 1317 844 1372 his
863 1317 984 1386 litteris,
1008 1311 1146 1397 (omissis
1168 1312 1206 1396 []
1229 1310 1315 1377 seili-

427 1434 509 1518 cet,)
534 1433 747 1498 coniecturam
770 1432 921 1498 indicavi.

120 1551 169 1638 ()
287 1600 305 1630 „
350 1597 353 1604 ·
423 1554 456 1616 in
487 1561 569 1618 testu
600 1553 732 1619 delenda
764 1573 831 1618 esse
861 1555 958 1619 verba
989 1552 1125 1632 inelusa;
1159 1559 1192 1615 ia
1218 1559 1314 1638 uota,

430 1675 538 1740 addita
563 1674 672 1740 littera
702 1672 742 1749 Ο,
776 1673 935 1740 emblema
959 1695 1025 1740 esse
1051 1671 1193 1752 Codicis,
1219 1695 1237 1739 a
1260 1696 1326 1740 rne-

427 1799 593 1862 reieetum.
630 1795 693 1875 Sed
724 1802 756 1861 et
788 1797 825 1881 []
861 1801 893 1861 et
920 1801 967 1877 (),
992 1798 1026 1861 in
1049 1802 1142 1873 notia,
1168 1794 1313 1880 exemplo

431 1915 646 1982 Studemundi
668 1916 858 1982 lectionibus
877 1918 1006 1982 incertis
1027 1916 1152 2000 addidi,
1172 1915 1315 1982 illosun-

431 2041 517 2103 cinos
540 2038 723 2123 quadratos,
749 2040 777 2102 si
796 2038 982 2123 desumptae
995 2043 1069 2102 sunt
1080 2038 1204 2103 schedis
1215 2037 1316 2102 Bluh-

430 2160 557 2235 mianis,
570 2159 627 2223 hos
639 2158 790 2224 rotundos
803 2161 830 2223 si
842 2158 965 2223 schedis
977 2155 1137 2225 Gdseheni
1150 2158 1324 2224 debentur..

193 2284 217 2354 †
240 2277 407 2366 Significat
430 2277 589 2345 lacunam.

258 2399 343 2485 Γ*
364 2397 553 2487 Significant
575 2399 746 2466 lectionem
766 2403 920 2466 insertam
939 2402 1001 2466 niti
1020 2403 1208 2465 auctoritate
1227 2399 1314 2464 sehe-

579 2522 692 2587 darum
726 2521 859 2586 Bluhm.
895 2526 951 2586 aut
986 2517 1155 2587 Giiseheni.
1202 2519 1249 2586 Eo
1283 2525 1326 2584 et

578 2644 722 2727 sequenti
741 2645 833 2729 signo
848 2647 976 2707 tantum
996 2646 1031 2708 in
1042 2646 1133 2706 textu
1146 2662 1223 2705 usus
1234 2661 1316 2706 sum.

121 2759 190 2832 hae
205 2759 343 2840 litterae
460 2813 477 2841 „
581 2765 615 2827 in
638 2763 810 2827 Iustiniana
833 2764 930 2828 verba
950 2763 1057 2827 deberi
1076 2758 1139 2828 Gai
1158 2762 1317 2826 Instituti-

577 2893 706 2970 onibus‚
739 2895 771 2957 in
799 2893 847 2956 tia
872 2893 969 2957 verba
1003 2893 1151 2956 restituta
1181 2912 1247 2956 esse
1278 2911 1317 2956 ex

578 3010 715 3099 Corpore
737 3015 817 3079 iuris
834 3013 947 3078 lustin.
967 3011 1019 3078 vel
1039 3033 1078 3078 ex
1100 3012 1236 3078 aliorum
1256 3018 1317 3078 tes-

580 3137 736 3200 timoniis.

119 3251 180 3318 hae
203 3252 329 3362 litterae
466 3303 483 3334 ‚,
579 3255 625 3342 (in
656 3258 756 3333 notis,
783 3275 860 3320 nam
890 3259 1017 3320 tantum
1041 3257 1075 3318 in
1098 3257 1139 3319 iis
1163 3258 1319 3340 reperien-

579 3391 633 3449 tur
644 3383 664 3472 ‚)
701 3383 824 3450 litteras
860 3385 899 3450 ab
933 3383 1026 3449 Stud.
1061 3404 1124 3449 non
1154 3403 1314 3469 expressas

579 3506 680 3571 editas
720 3527 813 3590 esse‚-
839 3505 893 3570 sed
927 3510 966 3570 ut
1002 3507 1152 3581 incertas,
1191 3506 1321 3590 punctis

581 3626 799 3692 adumbratas.

469 3797 486 3827 ‚,
582 3749 628 3829 (in
656 3750 754 3828 notis)
783 3747 865 3812 alius
897 3749 960 3813 nisi
983 3749 1167 3814 nominatur
1190 3752 1325 3820 auetor,.

580 3870 678 3935 verba
701 3890 769 3934 esse
793 3869 936 3936 Studem.

466 4040 484 4072 „
578 3990 733 4056 Huschke
755 3987 891 4077 Junispr.
915 3991 1075 4058 Anteiust.
1101 3992 1149 4057 ed.
1176 3991 1209 4056 3.
