<?xml version="1.0" encoding="UTF-8"?>
<!DOCTYPE html PUBLIC "-//W3C//DTD XHTML 1.0 Transitional//EN"
    "http://www.w3.org/TR/xhtml1/DTD/xhtml1-transitional.dtd">
<html xmlns="http://www.w3.org/1999/xhtml" xml:lang="en" lang="en">
 <head>
  <title>
</title>
<meta http-equiv="Content-Type" content="text/html;charset=utf-8" />
  <meta name='ocr-system' content='tesseract 3.04.00' />
  <meta name='ocr-capabilities' content='ocr_page ocr_carea ocr_par ocr_line ocrx_word'/>
</head>
<body>
  <div class='ocr_page' id='page_1' title='image "./syntagmainstitu01studgoog_0351.png"; bbox 0 0 2880 4614; ppageno 0'>
   <div class='ocr_carea' id='block_1_1' title="bbox 205 35 1003 130">
    <p class='ocr_par' dir='ltr' id='par_1_1' title="bbox 205 35 1003 130">
     <span class='ocr_line' id='line_1_1' title="bbox 205 35 1003 130; baseline -0.005 -19"><span class='ocrx_word' id='word_1_1' title='bbox 205 39 271 114; x_wconf 79' lang='lat' dir='ltr'><strong>auo</strong></span> <span class='ocrx_word' id='word_1_2' title='bbox 581 56 663 113; x_wconf 69' lang='lat' dir='ltr'><strong>aa.</strong></span> <span class='ocrx_word' id='word_1_3' title='bbox 688 37 743 110; x_wconf 83' lang='grc'><strong>111.</strong></span> <span class='ocrx_word' id='word_1_4' title='bbox 768 55 825 110; x_wconf 72' lang='lat' dir='ltr'><strong>en.</strong></span> <span class='ocrx_word' id='word_1_5' title='bbox 849 37 885 130; x_wconf 67' lang='lat' dir='ltr'><strong>ss</strong></span> <span class='ocrx_word' id='word_1_6' title='bbox 908 37 947 123; x_wconf 79' lang='lat' dir='ltr'><strong>a,</strong></span> <span class='ocrx_word' id='word_1_7' title='bbox 973 35 1003 107; x_wconf 82' lang='grc'><strong>1.</strong></span> 
     </span>
    </p>
   </div>
   <div class='ocr_carea' id='block_1_2' title="bbox 196 218 1366 321">
    <p class='ocr_par' dir='ltr' id='par_1_2' title="bbox 196 218 1366 321">
     <span class='ocr_line' id='line_1_2' title="bbox 196 218 1366 321; baseline -0.005 -18"><span class='ocrx_word' id='word_1_8' title='bbox 196 236 333 304; x_wconf 75' lang='lat' dir='ltr'><strong>tuorum</strong></span> <span class='ocrx_word' id='word_1_9' title='bbox 363 231 498 302; x_wconf 85' lang='lat' dir='ltr'><strong>duarum</strong></span> <span class='ocrx_word' id='word_1_10' title='bbox 526 234 709 321; x_wconf 75' lang='lat' dir='ltr'>pluriumve</span> <span class='ocrx_word' id='word_1_11' title='bbox 740 236 805 300; x_wconf 89' lang='lat' dir='ltr'><strong>sint</strong></span> <span class='ocrx_word' id='word_1_12' title='bbox 832 235 943 312; x_wconf 86' lang='lat' dir='ltr'><strong>liberi,</strong></span> <span class='ocrx_word' id='word_1_13' title='bbox 976 237 1031 320; x_wconf 75' lang='lat' dir='ltr'><strong>qui</strong></span> <span class='ocrx_word' id='word_1_14' title='bbox 1053 233 1227 320; x_wconf 82' lang='lat' dir='ltr'><strong>proximior</strong></span> <span class='ocrx_word' id='word_1_15' title='bbox 1250 218 1307 308; x_wconf 85' lang='lat' dir='ltr'><strong>ast,</strong></span> <span class='ocrx_word' id='word_1_16' title='bbox 1329 231 1366 298; x_wconf 84' lang='lat' dir='ltr'><strong>ad</strong></span> 
     </span>
    </p>
   </div>
   <div class='ocr_carea' id='block_1_3' title="bbox 129 339 1429 2874">
    <p class='ocr_par' dir='ltr' id='par_1_3' title="bbox 129 339 1429 2874">
     <span class='ocr_line' id='line_1_3' title="bbox 195 339 1367 426; baseline -0.008 -15"><span class='ocrx_word' id='word_1_17' title='bbox 195 342 304 412; x_wconf 79' lang='lat' dir='ltr'><strong>liberti</strong></span> <span class='ocrx_word' id='word_1_18' title='bbox 334 361 389 407; x_wconf 87' lang='lat' dir='ltr'><strong>seu</strong></span> <span class='ocrx_word' id='word_1_19' title='bbox 419 339 551 408; x_wconf 79' lang='lat' dir='ltr'><strong>libertae</strong></span> <span class='ocrx_word' id='word_1_20' title='bbox 581 347 713 409; x_wconf 78' lang='lat' dir='ltr'><strong>uooetur</strong></span> <span class='ocrx_word' id='word_1_21' title='bbox 742 343 971 408; x_wconf 78' lang='lat' dir='ltr'><strong>suceessionam</strong></span> <span class='ocrx_word' id='word_1_22' title='bbox 1003 346 1034 407; x_wconf 87' lang='lat' dir='ltr'><strong>et</strong></span> <span class='ocrx_word' id='word_1_23' title='bbox 1054 343 1090 406; x_wconf 89' lang='lat' dir='ltr'><strong>in</strong></span> <span class='ocrx_word' id='word_1_24' title='bbox 1113 342 1233 426; x_wconf 84' lang='lat' dir='ltr'><strong>eapite,</strong></span> <span class='ocrx_word' id='word_1_25' title='bbox 1255 360 1315 405; x_wconf 89' lang='lat' dir='ltr'><strong>non</strong></span> <span class='ocrx_word' id='word_1_26' title='bbox 1336 341 1367 402; x_wconf 91' lang='lat' dir='ltr'><strong>in</strong></span> 
     </span>
     <span class='ocr_line' id='line_1_4' title="bbox 195 448 1366 535; baseline -0.003 -20"><span class='ocrx_word' id='word_1_27' title='bbox 195 451 309 535; x_wconf 77' lang='lat' dir='ltr'><strong>stirpes</strong></span> <span class='ocrx_word' id='word_1_28' title='bbox 332 448 493 514; x_wconf 75' lang='lat' dir='ltr'><strong>dividatur</strong></span> <span class='ocrx_word' id='word_1_29' title='bbox 516 450 688 533; x_wconf 78' lang='lat' dir='ltr'><strong>successio,</strong></span> <span class='ocrx_word' id='word_1_30' title='bbox 712 448 821 514; x_wconf 84' lang='lat' dir='ltr'><strong>eodem</strong></span> <span class='ocrx_word' id='word_1_31' title='bbox 843 449 937 514; x_wconf 79' lang='lat' dir='ltr'><strong>nouo</strong></span> <span class='ocrx_word' id='word_1_32' title='bbox 961 453 993 514; x_wconf 92' lang='lat' dir='ltr'><strong>et</strong></span> <span class='ocrx_word' id='word_1_33' title='bbox 1016 451 1050 514; x_wconf 90' lang='lat' dir='ltr'><strong>in</strong></span> <span class='ocrx_word' id='word_1_34' title='bbox 1070 449 1121 513; x_wconf 88' lang='lat' dir='ltr'><strong>his</strong></span> <span class='ocrx_word' id='word_1_35' title='bbox 1141 449 1197 534; x_wconf 87' lang='lat' dir='ltr'><strong>qui</strong></span> <span class='ocrx_word' id='word_1_36' title='bbox 1217 468 1255 513; x_wconf 79' lang='lat' dir='ltr'><strong>eu</strong></span> <span class='ocrx_word' id='word_1_37' title='bbox 1274 452 1366 512; x_wconf 81' lang='lat' dir='ltr'><strong>trans</strong></span> 
     </span>
     <span class='ocr_line' id='line_1_5' title="bbox 196 553 1369 641; baseline -0.005 -17"><span class='ocrx_word' id='word_1_38' title='bbox 196 576 290 624; x_wconf 67' lang='lat' dir='ltr'><strong>uerso</strong></span> <span class='ocrx_word' id='word_1_39' title='bbox 319 553 420 623; x_wconf 80' lang='lat' dir='ltr'><strong>latone</strong></span> <span class='ocrx_word' id='word_1_40' title='bbox 448 557 582 622; x_wconf 86' lang='lat' dir='ltr'><strong>ueniunt</strong></span> <span class='ocrx_word' id='word_1_41' title='bbox 612 555 775 621; x_wconf 76' lang='lat' dir='ltr'><strong>servande.</strong></span> <span class='ocrx_word' id='word_1_42' title='bbox 823 576 923 641; x_wconf 88' lang='lat' dir='ltr'><strong>paene</strong></span> <span class='ocrx_word' id='word_1_43' title='bbox 952 558 1037 622; x_wconf 87' lang='lat' dir='ltr'><strong>anim</strong></span> <span class='ocrx_word' id='word_1_44' title='bbox 1071 556 1272 624; x_wconf 75' lang='lat' dir='ltr'><strong>eonsonantie</strong></span> <span class='ocrx_word' id='word_1_45' title='bbox 1304 557 1369 619; x_wconf 83' lang='lat' dir='ltr'><strong>iura</strong></span> 
     </span>
     <span class='ocr_line' id='line_1_6' title="bbox 196 657 1386 749; baseline -0.003 -22"><span class='ocrx_word' id='word_1_46' title='bbox 196 661 406 749; x_wconf 75' lang='lat' dir='ltr'><strong>ingenuitatis</strong></span> <span class='ocrx_word' id='word_1_47' title='bbox 441 665 473 725; x_wconf 87' lang='lat' dir='ltr'><strong>et</strong></span> <span class='ocrx_word' id='word_1_48' title='bbox 506 660 726 729; x_wconf 74' lang='lat' dir='ltr'><strong>libertinitatis</strong></span> <span class='ocrx_word' id='word_1_49' title='bbox 760 664 795 728; x_wconf 88' lang='lat' dir='ltr'><strong>in</strong></span> <span class='ocrx_word' id='word_1_50' title='bbox 830 662 1081 733; x_wconf 76' lang='lat' dir='ltr'><strong>sumessienibne</strong></span> <span class='ocrx_word' id='word_1_51' title='bbox 1114 660 1258 733; x_wconf 69' lang='lat' dir='ltr'><strong>fecimus.</strong></span> <span class='ocrx_word' id='word_1_52' title='bbox 1310 657 1386 726; x_wconf 71' lang='lat' dir='ltr'><strong>Sede</strong></span> 
     </span>
     <span class='ocr_line' id='line_1_7' title="bbox 194 761 1369 853; baseline -0.005 -18"><span class='ocrx_word' id='word_1_53' title='bbox 194 770 272 835; x_wconf 88' lang='lat' dir='ltr'><strong>haee</strong></span> <span class='ocrx_word' id='word_1_54' title='bbox 307 768 346 832; x_wconf 88' lang='lat' dir='ltr'><strong>de</strong></span> <span class='ocrx_word' id='word_1_55' title='bbox 379 768 431 831; x_wconf 85' lang='lat' dir='ltr'><strong>his</strong></span> <span class='ocrx_word' id='word_1_56' title='bbox 464 765 623 832; x_wconf 89' lang='lat' dir='ltr'><strong>libertinis</strong></span> <span class='ocrx_word' id='word_1_57' title='bbox 656 767 751 833; x_wconf 85' lang='lat' dir='ltr'><strong>hodie</strong></span> <span class='ocrx_word' id='word_1_58' title='bbox 780 767 914 832; x_wconf 87' lang='lat' dir='ltr'><strong>dieenda</strong></span> <span class='ocrx_word' id='word_1_59' title='bbox 945 773 1037 852; x_wconf 76' lang='lat' dir='ltr'><strong>stunt,</strong></span> <span class='ocrx_word' id='word_1_60' title='bbox 1069 761 1134 853; x_wconf 87' lang='lat' dir='ltr'><strong>qui&#39;</strong></span> <span class='ocrx_word' id='word_1_61' title='bbox 1155 769 1190 830; x_wconf 92' lang='lat' dir='ltr'><strong>in</strong></span> <span class='ocrx_word' id='word_1_62' title='bbox 1211 767 1369 832; x_wconf 79' lang='lat' dir='ltr'><strong>civitat-em</strong></span> 
     </span>
     <span class='ocr_line' id='line_1_8' title="bbox 196 871 1370 958; baseline -0.005 -18"><span class='ocrx_word' id='word_1_63' title='bbox 196 873 374 944; x_wconf 72' lang='lat' dir='ltr'><strong>Remanent</strong></span> <span class='ocrx_word' id='word_1_64' title='bbox 406 879 640 958; x_wconf 78' lang='lat' dir='ltr'><strong>pauseneeuut,</strong></span> <span class='ocrx_word' id='word_1_65' title='bbox 662 885 737 942; x_wconf 82' lang='lat' dir='ltr'><strong>oum</strong></span> <span class='ocrx_word' id='word_1_66' title='bbox 758 893 816 942; x_wconf 85' lang='lat' dir='ltr'><strong>nee</strong></span> <span class='ocrx_word' id='word_1_67' title='bbox 838 879 912 942; x_wconf 78' lang='lat' dir='ltr'><strong>sunt</strong></span> <span class='ocrx_word' id='word_1_68' title='bbox 936 873 993 942; x_wconf 88' lang='lat' dir='ltr'><strong>alii</strong></span> <span class='ocrx_word' id='word_1_69' title='bbox 1018 873 1128 942; x_wconf 83' lang='lat' dir='ltr'><strong>liberti</strong></span> <span class='ocrx_word' id='word_1_70' title='bbox 1149 871 1249 940; x_wconf 84' lang='lat' dir='ltr'><strong>simul</strong></span> <span class='ocrx_word' id='word_1_71' title='bbox 1271 877 1304 939; x_wconf 87' lang='lat' dir='ltr'><strong>et</strong></span> <span class='ocrx_word' id='word_1_72' title='bbox 1324 871 1370 935; x_wconf 88' lang='lat' dir='ltr'><strong>de-</strong></span> 
     </span>
     <span class='ocr_line' id='line_1_9' title="bbox 197 977 1371 1066; baseline -0.006 -17"><span class='ocrx_word' id='word_1_73' title='bbox 197 981 317 1050; x_wconf 71' lang='lat' dir='ltr'><strong>ditimis</strong></span> <span class='ocrx_word' id='word_1_74' title='bbox 349 984 381 1045; x_wconf 89' lang='lat' dir='ltr'><strong>et</strong></span> <span class='ocrx_word' id='word_1_75' title='bbox 412 977 537 1046; x_wconf 83' lang='lat' dir='ltr'><strong>Latinis</strong></span> <span class='ocrx_word' id='word_1_76' title='bbox 564 979 720 1055; x_wconf 83' lang='lat' dir='ltr'><strong>subistis,</strong></span> <span class='ocrx_word' id='word_1_77' title='bbox 752 1001 827 1048; x_wconf 80' lang='lat' dir='ltr'><strong>oum</strong></span> <span class='ocrx_word' id='word_1_78' title='bbox 858 979 1047 1048; x_wconf 83' lang='lat' dir='ltr'><strong>Latinorum</strong></span> <span class='ocrx_word' id='word_1_79' title='bbox 1067 980 1235 1066; x_wconf 78' lang='lat' dir='ltr'><strong>legitimae</strong></span> <span class='ocrx_word' id='word_1_80' title='bbox 1256 997 1371 1046; x_wconf 77' lang='lat' dir='ltr'><strong>seems</strong></span> 
     </span>
     <span class='ocr_line' id='line_1_10' title="bbox 197 1085 1370 1172; baseline -0.003 -18"><span class='ocrx_word' id='word_1_81' title='bbox 197 1090 299 1154; x_wconf 82' lang='lat' dir='ltr'><strong>aiones</strong></span> <span class='ocrx_word' id='word_1_82' title='bbox 332 1085 440 1159; x_wconf 73' lang='lat' dir='ltr'><strong>eattae</strong></span> <span class='ocrx_word' id='word_1_83' title='bbox 473 1089 600 1172; x_wconf 83' lang='lat' dir='ltr'><strong>penitus</strong></span> <span class='ocrx_word' id='word_1_84' title='bbox 627 1092 740 1164; x_wconf 44' lang='lat' dir='ltr'><strong>weruent,</strong></span> <span class='ocrx_word' id='word_1_85' title='bbox 776 1088 831 1172; x_wconf 85' lang='lat' dir='ltr'><strong>qui</strong></span> <span class='ocrx_word' id='word_1_86' title='bbox 862 1085 941 1152; x_wconf 80' lang='lat' dir='ltr'><strong>iicet</strong></span> <span class='ocrx_word' id='word_1_87' title='bbox 971 1091 1009 1154; x_wconf 83' lang='lat' dir='ltr'><strong>ut</strong></span> <span class='ocrx_word' id='word_1_88' title='bbox 1038 1085 1132 1154; x_wconf 81' lang='lat' dir='ltr'><strong>libeni</strong></span> <span class='ocrx_word' id='word_1_89' title='bbox 1160 1087 1263 1154; x_wconf 81' lang='lat' dir='ltr'><strong>uitam</strong></span> <span class='ocrx_word' id='word_1_90' title='bbox 1287 1104 1370 1151; x_wconf 84' lang='lat' dir='ltr'><strong>suan</strong></span> 
     </span>
     <span class='ocr_line' id='line_1_11' title="bbox 196 1191 1371 1282; baseline -0.005 -22"><span class='ocrx_word' id='word_1_91' title='bbox 196 1193 409 1282; x_wconf 70' lang='lat' dir='ltr'><strong>peragebant,</strong></span> <span class='ocrx_word' id='word_1_92' title='bbox 443 1197 586 1264; x_wconf 80' lang='lat' dir='ltr'><strong>attamen</strong></span> <span class='ocrx_word' id='word_1_93' title='bbox 614 1195 684 1278; x_wconf 88' lang='lat' dir='ltr'><strong>ipso</strong></span> <span class='ocrx_word' id='word_1_94' title='bbox 713 1191 830 1262; x_wconf 84' lang='lat' dir='ltr'><strong>ultimo</strong></span> <span class='ocrx_word' id='word_1_95' title='bbox 859 1195 975 1278; x_wconf 80' lang='lat' dir='ltr'><strong>spiritu</strong></span> <span class='ocrx_word' id='word_1_96' title='bbox 997 1192 1097 1260; x_wconf 79' lang='lat' dir='ltr'><strong>simut</strong></span> <span class='ocrx_word' id='word_1_97' title='bbox 1119 1193 1260 1260; x_wconf 75' lang='lat' dir='ltr'><strong>animane</strong></span> <span class='ocrx_word' id='word_1_98' title='bbox 1284 1197 1371 1275; x_wconf 88' lang='lat' dir='ltr'><strong>atque</strong></span> 
     </span>
     <span class='ocr_line' id='line_1_12' title="bbox 195 1299 1371 1385; baseline -0.007 -17"><span class='ocrx_word' id='word_1_99' title='bbox 195 1299 376 1370; x_wconf 83' lang='lat' dir='ltr'><strong>libertatem</strong></span> <span class='ocrx_word' id='word_1_100' title='bbox 407 1299 614 1372; x_wconf 71' lang='lat' dir='ltr'><strong>emittebant,</strong></span> <span class='ocrx_word' id='word_1_101' title='bbox 643 1304 676 1364; x_wconf 92' lang='lat' dir='ltr'><strong>et</strong></span> <span class='ocrx_word' id='word_1_102' title='bbox 706 1300 797 1385; x_wconf 84' lang='lat' dir='ltr'><strong>quasi</strong></span> <span class='ocrx_word' id='word_1_103' title='bbox 819 1319 983 1366; x_wconf 76' lang='lat' dir='ltr'><strong>servorum</strong></span> <span class='ocrx_word' id='word_1_104' title='bbox 1004 1301 1052 1367; x_wconf 88' lang='lat' dir='ltr'><strong>ita</strong></span> <span class='ocrx_word' id='word_1_105' title='bbox 1073 1299 1157 1366; x_wconf 86' lang='lat' dir='ltr'><strong>bona</strong></span> <span class='ocrx_word' id='word_1_106' title='bbox 1177 1317 1288 1364; x_wconf 78' lang='lat' dir='ltr'><strong>eorum</strong></span> <span class='ocrx_word' id='word_1_107' title='bbox 1309 1299 1371 1364; x_wconf 78' lang='lat' dir='ltr'><strong>iure</strong></span> 
     </span>
     <span class='ocr_line' id='line_1_13' title="bbox 197 1403 1371 1493; baseline -0.004 -21"><span class='ocrx_word' id='word_1_108' title='bbox 197 1406 430 1493; x_wconf 84' lang='lat' dir='ltr'><strong>quodammodo</strong></span> <span class='ocrx_word' id='word_1_109' title='bbox 464 1405 582 1491; x_wconf 83' lang='lat' dir='ltr'><strong>peeuiii</strong></span> <span class='ocrx_word' id='word_1_110' title='bbox 616 1405 755 1493; x_wconf 81' lang='lat' dir='ltr'><strong>exlege</strong></span> <span class='ocrx_word' id='word_1_111' title='bbox 786 1405 880 1472; x_wconf 78' lang='lat' dir='ltr'><strong>bunia</strong></span> <span class='ocrx_word' id='word_1_112' title='bbox 907 1407 1154 1474; x_wconf 77' lang='lat' dir='ltr'><strong>manumissores</strong></span> <span class='ocrx_word' id='word_1_113' title='bbox 1184 1403 1371 1472; x_wconf 83' lang='lat' dir='ltr'><strong>detinebant</strong></span> 
     </span>
     <span class='ocr_line' id='line_1_14' title="bbox 195 1507 1372 1600; baseline -0.007 -21"><span class='ocrx_word' id='word_1_114' title='bbox 195 1518 304 1599; x_wconf 81' lang='lat' dir='ltr'><strong>postea</strong></span> <span class='ocrx_word' id='word_1_115' title='bbox 332 1533 406 1580; x_wconf 77' lang='lat' dir='ltr'><strong>uaso</strong></span> <span class='ocrx_word' id='word_1_116' title='bbox 430 1517 559 1580; x_wconf 87' lang='lat' dir='ltr'><strong>senatus</strong></span> <span class='ocrx_word' id='word_1_117' title='bbox 580 1511 723 1578; x_wconf 81' lang='lat' dir='ltr'><strong>consulto</strong></span> <span class='ocrx_word' id='word_1_118' title='bbox 745 1511 904 1600; x_wconf 74' lang='lat' dir='ltr'><strong>Largiana</strong></span> <span class='ocrx_word' id='word_1_119' title='bbox 927 1515 1059 1582; x_wconf 81' lang='lat' dir='ltr'><strong>eentum</strong></span> <span class='ocrx_word' id='word_1_120' title='bbox 1079 1511 1199 1588; x_wconf 72' lang='lat' dir='ltr'><strong>fluebat,</strong></span> <span class='ocrx_word' id='word_1_121' title='bbox 1223 1513 1262 1576; x_wconf 84' lang='lat' dir='ltr'><strong>ut</strong></span> <span class='ocrx_word' id='word_1_122' title='bbox 1284 1507 1372 1578; x_wconf 85' lang='lat' dir='ltr'><strong>liberi</strong></span> 
     </span>
     <span class='ocr_line' id='line_1_15' title="bbox 195 1615 1372 1689; baseline -0.005 -3"><span class='ocrx_word' id='word_1_123' title='bbox 195 1621 438 1688; x_wconf 80' lang='lat' dir='ltr'><strong>manumissoris</strong></span> <span class='ocrx_word' id='word_1_124' title='bbox 469 1639 531 1684; x_wconf 91' lang='lat' dir='ltr'><strong>non</strong></span> <span class='ocrx_word' id='word_1_125' title='bbox 564 1618 756 1688; x_wconf 82' lang='lat' dir='ltr'><strong>nominatim</strong></span> <span class='ocrx_word' id='word_1_126' title='bbox 785 1618 966 1689; x_wconf 72' lang='lat' dir='ltr'><strong>mberedati</strong></span> <span class='ocrx_word' id='word_1_127' title='bbox 997 1619 1075 1687; x_wconf 81' lang='lat' dir='ltr'><strong>faeti</strong></span> <span class='ocrx_word' id='word_1_128' title='bbox 1103 1618 1260 1684; x_wconf 79' lang='lat' dir='ltr'><strong>extuaneis</strong></span> <span class='ocrx_word' id='word_1_129' title='bbox 1289 1615 1372 1680; x_wconf 86' lang='lat' dir='ltr'><strong>hare·</strong></span> 
     </span>
     <span class='ocr_line' id='line_1_16' title="bbox 196 1722 1429 1809; baseline -0.006 -17"><span class='ocrx_word' id='word_1_130' title='bbox 196 1725 292 1794; x_wconf 80' lang='lat' dir='ltr'><strong>dibus</strong></span> <span class='ocrx_word' id='word_1_131' title='bbox 321 1743 431 1798; x_wconf 71' lang='lat' dir='ltr'><strong>aarum</strong></span> <span class='ocrx_word' id='word_1_132' title='bbox 460 1727 494 1790; x_wconf 86' lang='lat' dir='ltr'><strong>iu</strong></span> <span class='ocrx_word' id='word_1_133' title='bbox 523 1725 615 1791; x_wconf 87' lang='lat' dir='ltr'><strong>bonis</strong></span> <span class='ocrx_word' id='word_1_134' title='bbox 644 1723 834 1794; x_wconf 82' lang='lat' dir='ltr'><strong>Latinorum</strong></span> <span class='ocrx_word' id='word_1_135' title='bbox 863 1728 1142 1809; x_wconf 70' lang='lat' dir='ltr'><strong>praeponantur,</strong></span> <span class='ocrx_word' id='word_1_136' title='bbox 1185 1722 1301 1807; x_wconf 72' lang='lat' dir='ltr'><strong>ausibus</strong></span> <span class='ocrx_word' id='word_1_137' title='bbox 1328 1742 1373 1786; x_wconf 87' lang='lat' dir='ltr'><strong>su·</strong></span> <span class='ocrx_word' id='word_1_138' title='bbox 1428 1760 1429 1769; x_wconf 52' lang='lat'><strong>,</strong></span> 
     </span>
     <span class='ocr_line' id='line_1_17' title="bbox 195 1828 1372 1918; baseline -0.004 -15"><span class='ocrx_word' id='word_1_139' title='bbox 195 1833 341 1918; x_wconf 70' lang='lat' dir='ltr'><strong>pavente</strong></span> <span class='ocrx_word' id='word_1_140' title='bbox 371 1833 468 1904; x_wconf 80' lang='lat' dir='ltr'><strong>etiam</strong></span> <span class='ocrx_word' id='word_1_141' title='bbox 501 1831 568 1896; x_wconf 85' lang='lat' dir='ltr'><strong>divi</strong></span> <span class='ocrx_word' id='word_1_142' title='bbox 591 1828 720 1903; x_wconf 74' lang='lat' dir='ltr'><strong>Traiani</strong></span> <span class='ocrx_word' id='word_1_143' title='bbox 743 1830 902 1915; x_wconf 80' lang='lat' dir='ltr'><strong>edietum,</strong></span> <span class='ocrx_word' id='word_1_144' title='bbox 926 1831 1010 1916; x_wconf 80' lang='lat' dir='ltr'><strong>ouod</strong></span> <span class='ocrx_word' id='word_1_145' title='bbox 1033 1831 1171 1902; x_wconf 78' lang='lat' dir='ltr'><strong>suadem</strong></span> <span class='ocrx_word' id='word_1_146' title='bbox 1192 1831 1372 1912; x_wconf 80' lang='lat' dir='ltr'><strong>bominem,</strong></span> 
     </span>
     <span class='ocr_line' id='line_1_18' title="bbox 196 1935 1371 2024; baseline -0.003 -22"><span class='ocrx_word' id='word_1_147' title='bbox 196 1940 224 2003; x_wconf 91' lang='lat' dir='ltr'><strong>si</strong></span> <span class='ocrx_word' id='word_1_148' title='bbox 254 1939 357 2008; x_wconf 84' lang='lat' dir='ltr'><strong>invito</strong></span> <span class='ocrx_word' id='word_1_149' title='bbox 387 1936 440 2003; x_wconf 83' lang='lat' dir='ltr'><strong>vel</strong></span> <span class='ocrx_word' id='word_1_150' title='bbox 470 1937 635 2024; x_wconf 82' lang='lat' dir='ltr'><strong>ignorante</strong></span> <span class='ocrx_word' id='word_1_151' title='bbox 665 1941 796 2021; x_wconf 86' lang='lat' dir='ltr'><strong>patrono</strong></span> <span class='ocrx_word' id='word_1_152' title='bbox 827 1937 867 2002; x_wconf 83' lang='lat' dir='ltr'><strong>ad</strong></span> <span class='ocrx_word' id='word_1_153' title='bbox 898 1939 1064 2004; x_wconf 80' lang='lat' dir='ltr'><strong>civitatem</strong></span> <span class='ocrx_word' id='word_1_154' title='bbox 1093 1939 1202 2004; x_wconf 87' lang='lat' dir='ltr'><strong>venire</strong></span> <span class='ocrx_word' id='word_1_155' title='bbox 1224 1958 1264 2001; x_wconf 85' lang='lat' dir='ltr'><strong>ex</strong></span> <span class='ocrx_word' id='word_1_156' title='bbox 1284 1935 1371 2000; x_wconf 80' lang='lat' dir='ltr'><strong>bena</strong></span> 
     </span>
     <span class='ocr_line' id='line_1_19' title="bbox 129 2041 1370 2130; baseline -0.001 -23"><span class='ocrx_word' id='word_1_157' title='bbox 129 2064 133 2069; x_wconf 81' lang='grc'>’</span> <span class='ocrx_word' id='word_1_158' title='bbox 195 2042 267 2109; x_wconf 86' lang='lat' dir='ltr'><strong>fiaio</strong></span> <span class='ocrx_word' id='word_1_159' title='bbox 298 2043 452 2130; x_wconf 82' lang='lat' dir='ltr'><strong>principis</strong></span> <span class='ocrx_word' id='word_1_160' title='bbox 482 2042 657 2120; x_wconf 83' lang='lat' dir='ltr'><strong>festinavit,</strong></span> <span class='ocrx_word' id='word_1_161' title='bbox 688 2042 825 2108; x_wconf 79' lang='lat' dir='ltr'><strong>faciebat</strong></span> <span class='ocrx_word' id='word_1_162' title='bbox 846 2046 960 2110; x_wconf 79' lang='lat' dir='ltr'><strong>vivum</strong></span> <span class='ocrx_word' id='word_1_163' title='bbox 983 2044 1112 2129; x_wconf 83' lang='lat' dir='ltr'><strong>quidem</strong></span> <span class='ocrx_word' id='word_1_164' title='bbox 1136 2044 1238 2110; x_wconf 83' lang='lat' dir='ltr'><strong>civem</strong></span> <span class='ocrx_word' id='word_1_165' title='bbox 1261 2041 1370 2107; x_wconf 80' lang='lat' dir='ltr'><strong>Roma</strong></span> 
     </span>
     <span class='ocr_line' id='line_1_20' title="bbox 194 2147 1370 2226; baseline -0.003 -11"><span class='ocrx_word' id='word_1_166' title='bbox 194 2171 293 2226; x_wconf 90' lang='lat' dir='ltr'><strong>num,</strong></span> <span class='ocrx_word' id='word_1_167' title='bbox 332 2147 484 2214; x_wconf 86' lang='lat' dir='ltr'><strong>Latinum</strong></span> <span class='ocrx_word' id='word_1_168' title='bbox 524 2154 633 2214; x_wconf 89' lang='lat' dir='ltr'><strong>autem</strong></span> <span class='ocrx_word' id='word_1_169' title='bbox 672 2152 872 2216; x_wconf 87' lang='lat' dir='ltr'><strong>morientem.</strong></span> <span class='ocrx_word' id='word_1_170' title='bbox 919 2150 974 2217; x_wconf 87' lang='lat' dir='ltr'><strong>sed</strong></span> <span class='ocrx_word' id='word_1_171' title='bbox 1008 2155 1115 2216; x_wconf 85' lang='lat' dir='ltr'><strong>nostra</strong></span> <span class='ocrx_word' id='word_1_172' title='bbox 1149 2150 1370 2214; x_wconf 80' lang='lat' dir='ltr'><strong>constitutione</strong></span> 
     </span>
     <span class='ocr_line' id='line_1_21' title="bbox 194 2251 1370 2344; baseline -0.003 -23"><span class='ocrx_word' id='word_1_173' title='bbox 194 2251 322 2344; x_wconf 83' lang='lat' dir='ltr'><strong>propter</strong></span> <span class='ocrx_word' id='word_1_174' title='bbox 347 2255 532 2320; x_wconf 89' lang='lat' dir='ltr'><strong>huiusmodi</strong></span> <span class='ocrx_word' id='word_1_175' title='bbox 563 2254 784 2321; x_wconf 77' lang='lat' dir='ltr'><strong>condicionum</strong></span> <span class='ocrx_word' id='word_1_176' title='bbox 807 2257 893 2324; x_wconf 80' lang='lat' dir='ltr'><strong>vices</strong></span> <span class='ocrx_word' id='word_1_177' title='bbox 916 2261 948 2321; x_wconf 90' lang='lat' dir='ltr'><strong>et</strong></span> <span class='ocrx_word' id='word_1_178' title='bbox 972 2255 1050 2322; x_wconf 88' lang='lat' dir='ltr'><strong>alias</strong></span> <span class='ocrx_word' id='word_1_179' title='bbox 1074 2254 1277 2321; x_wconf 79' lang='lat' dir='ltr'><strong>difficultates</strong></span> <span class='ocrx_word' id='word_1_180' title='bbox 1300 2275 1370 2319; x_wconf 88' lang='lat' dir='ltr'><strong>eum</strong></span> 
     </span>
     <span class='ocr_line' id='line_1_22' title="bbox 194 2357 1369 2448; baseline 0 -22"><span class='ocrx_word' id='word_1_181' title='bbox 194 2363 272 2447; x_wconf 84' lang='lat' dir='ltr'><strong>ipsis</strong></span> <span class='ocrx_word' id='word_1_182' title='bbox 302 2359 426 2428; x_wconf 88' lang='lat' dir='ltr'><strong>Latinis</strong></span> <span class='ocrx_word' id='word_1_183' title='bbox 458 2362 555 2426; x_wconf 88' lang='lat' dir='ltr'><strong>etiam</strong></span> <span class='ocrx_word' id='word_1_184' title='bbox 586 2359 693 2448; x_wconf 79' lang='lat' dir='ltr'><strong>legem</strong></span> <span class='ocrx_word' id='word_1_185' title='bbox 722 2359 848 2428; x_wconf 90' lang='lat' dir='ltr'><strong>Iuniam</strong></span> <span class='ocrx_word' id='word_1_186' title='bbox 879 2367 911 2428; x_wconf 91' lang='lat' dir='ltr'><strong>et</strong></span> <span class='ocrx_word' id='word_1_187' title='bbox 941 2368 1068 2427; x_wconf 86' lang='lat' dir='ltr'><strong>senatus</strong></span> <span class='ocrx_word' id='word_1_188' title='bbox 1094 2361 1276 2427; x_wconf 84' lang='lat' dir='ltr'><strong>consultum</strong></span> <span class='ocrx_word' id='word_1_189' title='bbox 1299 2357 1369 2426; x_wconf 86' lang='lat' dir='ltr'><strong>Lar·</strong></span> 
     </span>
     <span class='ocr_line' id='line_1_23' title="bbox 193 2463 1369 2556; baseline -0.002 -23"><span class='ocrx_word' id='word_1_190' title='bbox 193 2469 326 2556; x_wconf 77' lang='lat' dir='ltr'><strong>gianum</strong></span> <span class='ocrx_word' id='word_1_191' title='bbox 352 2473 384 2532; x_wconf 91' lang='lat' dir='ltr'><strong>et</strong></span> <span class='ocrx_word' id='word_1_192' title='bbox 402 2465 543 2532; x_wconf 88' lang='lat' dir='ltr'><strong>edietum</strong></span> <span class='ocrx_word' id='word_1_193' title='bbox 563 2465 630 2532; x_wconf 85' lang='lat' dir='ltr'><strong>divi</strong></span> <span class='ocrx_word' id='word_1_194' title='bbox 649 2463 778 2534; x_wconf 73' lang='lat' dir='ltr'><strong>Traiani</strong></span> <span class='ocrx_word' id='word_1_195' title='bbox 795 2470 830 2532; x_wconf 92' lang='lat' dir='ltr'><strong>in</strong></span> <span class='ocrx_word' id='word_1_196' title='bbox 849 2473 1037 2555; x_wconf 85' lang='lat' dir='ltr'><strong>perpetuum</strong></span> <span class='ocrx_word' id='word_1_197' title='bbox 1058 2468 1156 2534; x_wconf 82' lang='lat' dir='ltr'><strong>deleri</strong></span> <span class='ocrx_word' id='word_1_198' title='bbox 1175 2469 1369 2542; x_wconf 81' lang='lat' dir='ltr'><strong>censuimus,</strong></span> 
     </span>
     <span class='ocr_line' id='line_1_24' title="bbox 193 2571 1369 2664; baseline 0 -26"><span class='ocrx_word' id='word_1_199' title='bbox 193 2581 232 2639; x_wconf 89' lang='lat' dir='ltr'><strong>ut</strong></span> <span class='ocrx_word' id='word_1_200' title='bbox 261 2595 369 2642; x_wconf 90' lang='lat' dir='ltr'><strong>omnes</strong></span> <span class='ocrx_word' id='word_1_201' title='bbox 398 2571 506 2640; x_wconf 79' lang='lat' dir='ltr'><strong>liberti</strong></span> <span class='ocrx_word' id='word_1_202' title='bbox 536 2574 667 2664; x_wconf 78' lang='lat' dir='ltr'><strong>civitate</strong></span> <span class='ocrx_word' id='word_1_203' title='bbox 695 2572 839 2642; x_wconf 86' lang='lat' dir='ltr'><strong>Romana</strong></span> <span class='ocrx_word' id='word_1_204' title='bbox 866 2574 1029 2658; x_wconf 72' lang='lat' dir='ltr'><strong>buntur,</strong></span> <span class='ocrx_word' id='word_1_205' title='bbox 1058 2580 1090 2640; x_wconf 89' lang='lat' dir='ltr'><strong>et</strong></span> <span class='ocrx_word' id='word_1_206' title='bbox 1112 2573 1257 2641; x_wconf 83' lang='lat' dir='ltr'><strong>mirabili¹</strong></span> <span class='ocrx_word' id='word_1_207' title='bbox 1278 2573 1369 2639; x_wconf 87' lang='lat' dir='ltr'><strong>modo</strong></span> 
     </span>
     <span class='ocr_line' id='line_1_25' title="bbox 194 2679 1367 2768; baseline -0.001 -23"><span class='ocrx_word' id='word_1_208' title='bbox 194 2679 385 2765; x_wconf 89' lang='lat' dir='ltr'><strong>quibusdam</strong></span> <span class='ocrx_word' id='word_1_209' title='bbox 416 2679 646 2747; x_wconf 78' lang='lat' dir='ltr'><strong>adiectionibus</strong></span> <span class='ocrx_word' id='word_1_210' title='bbox 669 2683 753 2766; x_wconf 87' lang='lat' dir='ltr'><strong>ipsas</strong></span> <span class='ocrx_word' id='word_1_211' title='bbox 776 2683 861 2759; x_wconf 86' lang='lat' dir='ltr'><strong>vias,</strong></span> <span class='ocrx_word' id='word_1_212' title='bbox 886 2683 1023 2766; x_wconf 89' lang='lat' dir='ltr'><strong>quaein</strong></span> <span class='ocrx_word' id='word_1_213' title='bbox 1045 2680 1255 2768; x_wconf 85' lang='lat' dir='ltr'><strong>Latinitatem</strong></span> <span class='ocrx_word' id='word_1_214' title='bbox 1278 2681 1367 2744; x_wconf 81' lang='lat' dir='ltr'><strong>duee</strong></span> 
     </span>
     <span class='ocr_line' id='line_1_26' title="bbox 193 2785 1232 2874; baseline -0.001 -21"><span class='ocrx_word' id='word_1_215' title='bbox 193 2785 286 2866; x_wconf 88' lang='lat' dir='ltr'><strong>bant,</strong></span> <span class='ocrx_word' id='word_1_216' title='bbox 312 2786 352 2852; x_wconf 90' lang='lat' dir='ltr'><strong>ad</strong></span> <span class='ocrx_word' id='word_1_217' title='bbox 374 2787 539 2853; x_wconf 84' lang='lat' dir='ltr'><strong>civitatem</strong></span> <span class='ocrx_word' id='word_1_218' title='bbox 562 2785 739 2853; x_wconf 83' lang='lat' dir='ltr'><strong>Romanam</strong></span> <span class='ocrx_word' id='word_1_219' title='bbox 762 2787 946 2874; x_wconf 80' lang='lat' dir='ltr'><strong>sapiendam</strong></span> <span class='ocrx_word' id='word_1_220' title='bbox 969 2790 1232 2873; x_wconf 86' lang='lat' dir='ltr'><strong>transposuimus.</strong></span> 
     </span>
    </p>
   </div>
   <div class='ocr_carea' id='block_1_4' title="bbox 0 0 1444 4614">
    <p class='ocr_par' dir='ltr' id='par_1_4' title="bbox 0 0 1444 4614">
     <span class='ocr_line' id='line_1_27' title="bbox 0 0 1444 4614; baseline 0 0"><span class='ocrx_word' id='word_1_221' title='bbox 0 0 1444 4614; x_wconf 95' lang='lat' dir='ltr'><strong> </strong></span> 
     </span>
    </p>
   </div>
  </div>
 </body>
</html>
