2916 4604
234 41 298 112 192
519 60 604 110 1661.
628 42 686 110 ΙΙΙ.
709 63 754 110 11.
777 45 813 130 §§
827 42 970 111 10-12.
994 64 1041 113 ΠΙ.
1065 67 1115 130 pr.

231 241 266 305 in
296 238 356 304 hac
385 241 473 322 parte
505 239 624 322 sopito:
656 236 714 302 hos
745 239 831 302 enim
861 236 978 303 liberos
1008 257 1071 302 non
1093 233 1198 301 solum
1221 235 1255 300 in
1277 257 1384 301 suorum

231 331 399 431 parentum
421 346 669 420 successionem,
695 344 750 410 sed
775 346 874 410 etiam
894 344 1032 410 alterum
1051 346 1085 408 in
1104 342 1236 408 alterius
1258 355 1386 407 mutuam

232 453 459 518 successionem
489 453 693 536 vocavimus,
726 472 765 517 ex
793 450 851 516 illa
873 449 945 538 lege
969 450 1147 536 specialiter
1170 470 1222 516 eos
1243 455 1387 526 16661161,

233 561 299 625 1116
323 556 383 624 6611
403 560 606 625 invenientur
630 559 685 643 qui
707 560 741 622 in
766 559 919 624 servitute
943 560 1012 623 nati
1035 562 1067 623 et
1089 562 1197 643 postea
1219 558 1389 622 manumissi

187 673 188 676 ’
232 670 324 743 sunt,
357 667 424 732 6116
454 686 517 731 una
545 685 620 730 cum
652 662 742 742 aliis,
773 666 829 748 qui
850 668 922 748 post
944 663 1125 730 libertatem
1146 669 1313 750 parentum
1334 682 1389 727 con·

232 773 316 857 cepti
347 776 422 837 sunt
449 773 517 837 6116
546 792 585 836 61
608 769 717 836 eadem
740 774 843 835 matre
866 769 920 836 161
943 771 1053 836 eodem
1076 777 1165 857 patre
1184 773 1252 836 sive
1276 790 1313 834 ex
1334 768 1391 834 aliis

204 957 205 961 Ἰ
231 881 364 965 nuptiis,
372 880 411 945 ad
424 877 668 943 similitudinem
680 897 792 942 eorum
805 877 860 961 qui
873 897 911 942 ex
923 877 1147 963 iustis'nuptiis
1158 879 1313 963 procreati
1324 881 1391 940 sunt.

277 983 434 1071 Repetitis
467 987 575 1069 itaque
608 984 755 1050 omnibus
790 984 1433 1069 1666161111611111111666111161616666ἰ

235 1111 358 1177 semper
388 1111 459 1169 eos,
492 1092 548 1175 qui
577 1111 686 1176 parem
718 1090 855 1177 gradum
887 1092 1084 1178 cognationis
1107 1093 1270 1177 optinent,
1295 1090 1394 1174 pariter
1432 1079 1433 1132 Ϊ

233 1200 340 1264 vocari
371 1218 468 1283 eoque
498 1195 634 1281 amplius
666 1216 724 1262 nec
755 1217 829 1261 eum
853 1196 1000 1281 quidem,
1025 1199 1080 1282 qui
1103 1199 1278 1283 proximior
1300 1197 1341 1261 sit
1359 1215 1395 1258 oo

234 1309 370 1392 gnatus,
407 1325 531 1390 semper
565 1305 720 1389 potiorem
756 1324 832 1368 6616.
879 1325 954 1369 cum
989 1305 1075 1368 enim
1110 1305 1214 1389 prima
1245 1324 1339 1370 causa
1365 1302 1394 1364 sit

236 1433 367 1478 suorum
401 1411 555 1477 heredum
591 1430 730 1495 quosque
760 1411 843 1474 inter
874 1430 947 1475 suos
975 1410 1105 1476 heredes
1128 1413 1202 1476 iam·
1216 1411 1396 1476 enumerari·

236 1539 326 1603 mus,
351 1524 481 1604 apparet
503 1521 707 1603 pronepotem
731 1513 784 1582 161
806 1515 993 1601 abnepotem
1012 1515 1154 1582 defuncti
1172 1518 1329 1602 potiorem
1347 1534 1397 1580 esse

238 1646 334 1709 quam
366 1627 496 1692 fratrem
529 1629 585 1690 aut
615 1629 739 1709 patrem
769 1627 970 1708 matremque
994 1622 1149 1698 defuncti,
1173 1645 1246 1688 cum
1272 1623 1397 1707 alioquin
1433 1653 1434 1658 1

236 1737 326 1816 pater
359 1733 489 1818 quidem
510 1737 543 1796 et
565 1736 686 1808 mater,
711 1734 748 1796 ut
772 1751 867 1815 supra
890 1749 1013 1815 quoqne
1037 1729 1245 1814 tradidimus,
1271 1731 1399 1816 primun

236 1837 373 1924 gradum
403 1838 601 1926 cognationis
625 1837 804 1921 optineant,
828 1837 1018 1903 1161611616
1043 1837 1233 1914 secundum,
1261 1855 1399 1922 pronepos

237 1948 344 2009 antem
367 1947 462 2010 161116
485 1943 588 2032 gradu
611 1945 654 2010 sit
677 1947 831 2030 cognatus
851 1950 883 2009 61
902 1945 1038 2029 abnepos
1054 1949 1181 2028 quarto:
1194 1963 1252 2008 nec
1265 1943 1398 2022 interest,

237 2050 272 2112 in
298 2055 453 2135 potestate
484 2051 651 2115 morientis
680 2048 777 2114 tuerit
809 2071 849 2115 an
874 2070 936 2115 non
958 2051 1070 2125 fixerit,
1096 2049 1179 2135 qnod
1201 2048 1256 2116 161
1280 2049 1399 2114 emanci-

234 2160 327 2240 patus
357 2157 411 2223 161
439 2178 477 2222 ex
501 2158 697 2241 emancipato
722 2161 778 2221 aut
801 2178 841 2222 61
863 2157 1015 2222 feminino
1038 2179 1116 2222 sexu
1139 2161 1336 2243 propagatus
1356 2157 1399 2218 est.

233 2263 360 2328 Amatis
392 2284 516 2350 quoque
548 2263 613 2328 suis
644 2262 813 2328 heredibus
843 2284 981 2349 quosque
1005 2265 1087 2329 inter
1110 2284 1182 2329 snos
1204 2263 1337 2328 heredes
1359 2277 1417 2324 161

234 2371 298 2434 6611
329 2370 487 2454 diximus,
518 2369 694 2456 adgnatos,
722 2371 777 2453 qui
807 2372 971 2456 integrum
998 2373 1049 2435 ius
1080 2371 1282 2458 adgnationis
1305 2369 1400 2440 habet,

235 2478 360 2542 etiamsi
391 2476 579 2564 longissimo
611 2474 713 2562 gradu
742 2478 798 2552 sit,
825 2474 1013 2561 plerumque
1036 2479 1139 2562 potior
1160 2476 1299 2542 habetur
1321 2494 1401 2561 quan

234 2583 407 2666 proximior
424 2587 610 2670 tcognatus:
642 2601 717 2645 nam
748 2584 854 2666 patrui
886 2603 983 2668 nepos
1004 2581 1059 2648 vel
1080 2602 1233 2668 pronepos
1259 2579 1401 2648 avunculo

233 2687 286 2754 161
309 2694 497 2755 materterae
520 2688 706 2774 praefertur.
753 2690 869 2755 totiens
892 2691 995 2776 igitur
1018 2689 1154 2754 dicimus
1178 2695 1234 2753 aut
1258 2690 1400 2774 potiorem

233 2795 345 2861 haberi
376 2817 451 2861 eum
478 2797 534 2881 qui
561 2796 788 2879 proximiorem
816 2795 953 2884 gradum
977 2797 1173 2884 cognationis
1194 2797 1338 2881 optinet,
1360 2797 1401 2859 eut

235 2904 353 2987 pariter
381 2903 487 2978 166611
510 2903 640 2985 eosqui
664 2904 792 2989 cognati
815 2905 896 2987 sint,
921 2905 1064 2987 quotiens
1086 2923 1186 2989 neque
1211 2924 1345 2968 suorum
1362 2901 1401 2964 he
1435 2949 1436 2958 ,

234 3008 347 3073 redum
380 3012 448 3074 iure
479 3009 596 3092 quique
627 3008 710 3072 inter
738 3029 810 3074 suos
840 3008 970 3074 heredes
993 3016 1067 3073 sunt
1088 3029 1189 3094 neque
1213 3007 1400 3096 adgnationis

236 3116 306 3178 iure
340 3112 455 3197 aliquis
489 3113 642 3198 praeferri
676 3113 788 3180 debeat
822 3114 996 3180 secundum
1024 3136 1061 3179 ea
1093 3135 1173 3199 quae
1205 3115 1400 3192 tradidimus,

238 3223 376 3306 exceptis
408 3219 505 3284 fratre
536 3223 569 3284 61
591 3239 695 3285 661616
718 3223 942 3306 emancipatis,
966 3222 1021 3305 qui
1045 3219 1085 3285 ad
1107 3223 1338 3287 successionem
1356 3221 1401 3283 fra·

236 3333 324 3392 trum
354 3324 407 3393 vel
437 3346 579 3392 sororum
609 3331 777 3405 vocantur,
809 3330 864 3413 qui
893 3331 925 3392 61
952 3328 979 3391 11
1009 3328 1111 3411 capite
1143 3328 1305 3393 deminuti
1326 3331 1398 3397 sunt,

237 3437 344 3498 tamen
366 3433 585 3518 praeferuntur
608 3437 739 3499 caeteris
759 3433 920 3500 ulterioris
943 3433 1061 3520 gradus
1082 3432 1249 3523 adgnatier

802 3652 860 3722 ΠΙ.

452 3825 502 3883 DE
524 3823 692 3883 SENATUS
713 3821 904 3882 CONSULTO
926 3821 1202 3887 TERTULLIANO.

286 3984 355 4050 Lex
387 3986 552 4050 duodecim
584 3985 767 4050 tabularum
798 3988 844 4051 ita
874 3989 984 4053 stricto
1015 3991 1083 4054 iure
1105 3990 1256 4055 utebatur
1279 3995 1311 4054 et
1333 4005 1399 4072 prae·

242 4093 379 4176 ponebat
405 4091 619 4158 masculorum
642 4096 827 4179 progeniem
851 4098 883 4158 et
906 4115 975 4174 666,
1001 4098 1057 4180 qni
1079 4117 1134 4181 per
1156 4096 1304 4160 feminini
1327 4110 1400 4158 serus
