2894 4616
199 35 264 102 460
481 51 564 98 ruer.
589 34 642 118 lv,
667 49 744 112 ryu.
771 36 808 118 ἐξ
831 33 928 98 3-5.
956 53 1045 100 amu
1069 56 1115 116 pr.

201 227 270 291 dari
294 229 323 291 ei
346 225 453 300 debet,
479 229 516 289 nt
540 230 646 290 tamen
670 227 782 288 careat
809 243 842 286 se
866 223 1108 288 restituturum:
1133 223 1217 307 qnod
1235 225 1368 308 sineque

197 331 307 396 statim
339 334 428 396 iussn
453 329 569 402 iudicis
591 350 658 394 rom
683 329 832 394 exhibeat
855 350 956 414 neque
980 335 1088 415 postea
1110 330 1326 394 exhibiturum
1345 351 1370 394 se

198 442 325 511 caveat,
351 434 607 502 condemnandus
630 435 673 500 sit
699 433 805 510 inid,
826 435 909 518 quod
929 437 1043 500 actoris
1061 436 1212 500 intererat
1231 435 1272 500 ab
1293 437 1371 501 inibio

198 564 263 607 rem
291 543 466 607 exhibitam
493 561 569 606 esse.
610 540 644 606 Si
667 539 810 605 familiae
834 540 1034 605 erciscundae
1057 540 1173 626 iudicio
1198 546 1307 606 actum
1328 544 1395 625 sit,r

197 649 341 736 singulas
373 670 423 714 res
454 647 591 734 singulis
614 646 782 712 heredibus
805 645 986 711 adiudicare
1010 646 1103 712 debet
1125 652 1173 723 et,
1199 649 1227 711 si
1250 647 1286 712 in
1308 647 1374 712 alte-

196 755 263 816 rius
284 773 416 838 persona
438 773 646 842 praegravare
671 751 818 816 videatur
841 751 1053 829 adiudicatio,
1077 752 1170 818 debet
1194 751 1284 816 hunc
1306 754 1374 818 inri-

196 879 265 922 oem
290 858 435 924 coheredi
457 876 544 926 certe
566 862 716 946 pecunia,
741 861 825 924 siout
847 861 913 923 iarn
936 858 1060 924 dictum
1080 865 1145 938 est,
1166 859 1375 924 condemnare.

197 985 232 1028 eo
256 984 381 1049 quoque
404 969 532 1032 nomine
557 966 702 1032 coheredi
722 967 856 1050 quisque
876 984 934 1030 eno
953 965 1208 1031 condemnandus
1228 972 1295 1042 est,
1307 964 1376 1048 quod

196 1069 282 1134 solus
316 1063 439 1136 smotus
473 1071 655 1138 hereditarii
692 1072 783 1137 fundi
814 1073 954 1156 percepit
984 1077 1040 1135 aot
1071 1091 1140 1134 rem
1162 1070 1376 1135 hereditariam

175 1169 333 1260 'eorrupit
367 1181 423 1242 aut
458 1181 664 1264 consumpsit.
712 1199 793 1264 quae
828 1177 958 1262 quidem
989 1177 1139 1242 similiter
1168 1178 1257 1242 inter
1285 1177 1377 1262 plnres

197 1301 321 1366 quoque
344 1302 441 1366 quam
464 1283 543 1349 duos
566 1284 733 1349 coheredes
756 1284 1003 1368 subsequuntur.
1036 1283 1155 1347 Eadem
1172 1282 1398 1348 interveniunts

198 1391 230 1451 eb
253 1389 280 1462 si
305 1389 468 1453 communi
492 1389 667 1456 dividundo
692 1391 730 1455 de
754 1389 901 1475 pluribus
925 1390 1019 1454 rebus
1042 1394 1150 1454 actum
1173 1389 1283 1454 fuerit.
1309 1389 1377 1473 quod

199 1494 227 1556 si
251 1492 289 1557 dc
312 1514 376 1558 una
399 1515 449 1571 re,
474 1496 577 1561 veluti
603 1497 641 1562 de
665 1495 779 1572 lando,
806 1496 834 1560 si
858 1494 987 1581 quidem
1006 1495 1067 1560 iste
1085 1494 1203 1560 fundus
1222 1494 1376 1560 commode

203 1600 386 1685 regionibus
416 1598 606 1668 divisionem
636 1601 787 1687 recipiat,
819 1608 925 1688 partes
956 1605 1024 1667 eius
1047 1601 1182 1689 singulis
1206 1601 1374 1666 adiudicare

201 1704 294 1769 debet
317 1710 365 1782 et,
391 1709 419 1771 si
442 1711 537 1773 nnius
558 1730 631 1793 pars
655 1728 865 1795 praegravare
888 1707 1067 1784 videbitur,
1090 1708 1118 1771 is
1141 1708 1285 1774 invicem
1307 1713 1376 1773 certa

199 1813 334 1895 pecnnia
365 1812 457 1878 alteri
489 1815 743 1880 condemnandus
767 1820 832 1880 est:
859 1813 942 1900 quod
967 1817 995 1878 si
1015 1814 1180 1880 commode
1202 1813 1309 1879 dividi
1328 1835 1378 1878 non

197 1919 314 2000 possit,
346 1919 399 1984 vel
430 1921 526 1987 homo
556 1921 637 1987 forte
668 1926 724 1986 aut
753 1921 862 1985 mulus
886 1922 947 1985 erit
970 1919 1009 1985 de
1032 1940 1094 2003 quo
1117 1926 1225 1984 actum
1253 1924 1312 2006 sit,
1334 1922 1377 1984 nni

202 2027 288 2085 totus
317 2023 545 2090 adiudicandus
569 2032 669 2091 estet
692 2028 720 2090 is
743 2026 835 2091 alteri
859 2032 945 2090 certa
967 2029 1101 2110 pecunia
1123 2027 1376 2092 condemnandus.

203 2123 239 2190 Si
269 2125 383 2192 linium
411 2132 627 2218 regundorum
657 2138 765 2198 actum
789 2132 901 2216 fuerit,
926 2131 1079 2218 dispicere
1103 2132 1196 2198 debet
1217 2134 1329 2216 iudex,
1350 2153 1399 2196 ans

202 2235 375 2299 necessaria
406 2239 449 2300 sit
478 2238 684 2305 adiudicatio.
730 2260 809 2325 quae
841 2259 914 2304 sane
944 2260 1007 2305 uno
1031 2261 1105 2305 casu
1128 2241 1305 2306 necessaria
1326 2243 1376 2314 est,

203 2339 228 2403 si
261 2341 509 2410 evidentioribus
540 2341 655 2410 finibus
686 2346 842 2432 distingui
867 2365 961 2435 agros
985 2347 1182 2412 commodius
1206 2346 1270 2424 sit,
1298 2365 1376 2430 quam

203 2445 280 2510 olim
311 2448 446 2514 fuissent
477 2451 637 2515 distincti:
669 2472 743 2516 nam
775 2460 851 2517 tunc
878 2474 1003 2518 necesso
1026 2458 1074 2518 est
1097 2470 1136 2516 ex
1160 2451 1296 2517 alterius
1317 2469 1377 2538 agro

202 2561 325 2636 partem
348 2555 488 2641 aliquam
513 2556 644 2648 alterius
667 2560 737 2645 agri
762 2557 891 2624 domino
915 2558 1100 2623 adiudicari.
1136 2578 1198 2642 qno
1222 2579 1302 2624 casu
1322 2579 1377 2623 con·

169 2700 173 2707 -
201 2663 331 2726 veniens
363 2669 429 2745 est,
460 2668 497 2726 ut
527 2663 671 2728 isalteri
694 2677 780 2729 certa
804 2665 937 2748 pecunie
961 2663 1073 2729 debeat
1095 2663 1311 2729 condemnari.
1350 2683 1377 2728 oo

204 2787 328 2851 quoquo
359 2769 487 2834 nomine
516 2768 712 2834 damnandus
737 2774 784 2834 est
808 2771 941 2854 quisque
963 2770 1023 2834 hoo
1044 2769 1180 2852 iudicio,
1205 2770 1293 2852 qnod
1313 2769 1377 2834 forte

205 2873 288 2936 circa
310 2871 387 2938 fines
410 2874 566 2939 malitiose
589 2874 711 2958 aliquid
735 2875 915 2959 commisit,
939 2876 1028 2940 verbi
1052 2876 1157 2961 gratia
1176 2877 1255 2958 quia
1274 2875 1376 2960 lapides

203 2974 312 3043 finales
333 2967 457 3044 furatus
477 2985 524 3044 est
543 2980 743 3045 aut-arbores
762 2978 872 3045 finales
892 2979 1016 3045 cecidit.
1040 2983 1261 3045 contumaciae
1272 3000 1377 3065 quoquc

204 3086 329 3147 nomine
359 3086 492 3169 quisque
520 3105 556 3149 eo
587 3084 706 3149 iudicio
730 3085 973 3160 condemnatur,
999 3085 1100 3152 veluti
1123 3088 1152 3150 si
1175 3089 1251 3170 quis
1272 3090 1380 3153 iubente

172 3215 174 3221 ·
204 3187 308 3252 iudioe
331 3192 440 3254 metiri
460 3208 552 3276 agros
574 3210 685 3274 passus
708 3211 768 3256 non
793 3192 900 3256 fuerit.
926 3191 1017 3271 Quod
1040 3196 1148 3256 autem
1171 3194 1247 3258 istis
1266 3194 1397 3258 iudiciis:
1424 3255 1425 3260 ,

204 3292 300 3357 alicui
324 3293 542 3359 adiudicatum
567 3298 627 3379 sit,
651 3296 685 3361 id
709 3299 819 3361 statim
843 3299 911 3362 eius
935 3294 971 3362 fit
995 3300 1048 3363 cui
1070 3297 1293 3365 adiudicatum
1314 3305 1361 3365 est.

737 3508 856 3575 XVIII.

582 3693 631 3752 DE
652 3693 823 3752 PIIBIIOIS
843 3693 1011 3753 IUDIGIIS.

247 3864 382 3930 Publica
416 3865 534 3930 iudicia
568 3887 669 3951 neque
704 3887 760 3952 per
794 3868 932 3932 actiones
964 3865 1150 3932 ordinantur
1178 3889 1241 3940 ¹nec
1271 3866 1374 3932 omnino

203 3969 377 4052 quidquam
410 3970 516 4035 similo
545 3971 662 4037 habent
695 3976 826 4039 caeteris
850 3973 995 4051 iudiciis,
1021 3973 1059 4038 de
1083 3973 1201 4057 quibus
1224 3971 1319 4038 locuti
1338 3989 1374 4032 sn·
