2934 4608
469 39 888 176 muammm'
1210 90 1253 158 a

6 276 62 360 09)
126 275 155 355 ¹)
169 277 231 342 Sed
260 278 338 344 haee
369 277 506 365 diligens
533 281 711 345 observatio
738 280 774 342 in
805 278 987 344 ordinandis
1018 280 1249 375 tetstamentis,
1263 302 1298 365 a,
1312 303 1337 347 a

73 383 255 466 militibus,
273 389 401 468 propter
419 385 555 448 nimiam
567 386 780 468 imperitiam,
818 385 824 468 Ι
844 384 1117 449 constitutionibus
1131 382 1157 470 ²)
1170 386 1255 470 prin·
1267 407 1293 450 rs

74 491 187 572 cipum
215 492 347 553 remissa
370 495 432 574 est3
455 510 531 554 nam
554 491 702 575 quamuis
723 491 727 574 Ι
748 510 850 574 neque
871 489 1059 576 legitimum
1082 509 1291 555 numerumn

73 596 212 658 testium
235 593 456 664 adhibuerint.
480 615 581 679 neque
604 593 805 661 vendiderint
824 594 984 659 familiam
1003 614 1104 678 neque
1123 593 1252 683 nuncu-l
1266 615 1292 660 aa

72 701 225 783 paverint
247 703 476 764 testamentum
500 705 584 764 reate
605 700 817 765 nihilominus
840 699 1019 792 telstantur.
1262 721 1298 783 rr,
1312 722 1338 766 rs

7 802 60 891 10)
123 805 293 870 Praeterea
319 807 513 889 permissum
540 810 589 870 est
620 807 661 870 iis
689 811 721 870 et
743 806 925 892 peregrinos
948 809 981 870 et
1000 805 1006 890 Ι
1026 793 1146 870 latinos
1163 807 1242 870 insti
1267 825 1293 870 ra

72 916 167 976 tuere
199 911 328 976 heredes
358 909 411 975 vel
441 912 483 975 iis
503 909 628 997 legare,
653 931 729 975 eum
751 910 893 995 alioquin
913 911 917 994 Ι
937 912 1098 996 peregrini
1122 910 1292 994 quidemst

72 1019 200 1082 ratione
227 1015 319 1080 civili
346 1016 598 1100 prohibeantur!
619 1036 729 1101 capere
756 1015 968 1081 hereditatem
997 1011 1182 1101 legataque,
1210 1013 1255 1079 la·
1266 1035 1292 1079 as

73 1125 139 1187 tini
161 1142 238 1188 vero
260 1141 317 1205 per
337 1120 444 1207 legem
464 1121 469 1205 Ι
489 1121 626 1186 Iuniam.
1266 1138 1293 1183 aa

7 1228 62 1314 11)
125 1225 272 1294 anlibes
303 1245 444 1310 quoque,
475 1229 531 1310 qui
558 1226 630 1313 lege
652 1225 735 1292 Iulia
758 1225 969 1292 hereditatem
989 1226 995 1309 Ι
1014 1224 1183 1311 legataque
1207 1243 1292 1290 θε-εε

72 1355 152 1420 pers
176 1335 326 1398 vetantur
346 1333 351 1416 Ι
370 1334 452 1397 item
474 1331 559 1410 orbi,
584 1333 619 1398 id
642 1337 704 1412 est,
729 1335 785 1417 qui
807 1331 923 1398 liberos
945 1347 1008 1396 non
1031 1329 1164 1407 habent,
1178 1350 1293 1414 quossi

67 3373 278 3385 ....-.--—-

115 3499 147 3563 1)
170 3495 216 3565 (de
236 3493 413 3549 testamentis
433 3491 554 3560 milium)
573 3491 603 3546 0.
720 3519 725 3526 »

114 3640 147 3706 2)
170 3637 200 3690 0.
220 3589 489 3691 menhistutionibus.
510 3665 543 3672 -
566 3633 680 3687 Soilioet
704 3632 779 3701 quod
799 3629 908 3701 saepius
926 3629 1035 3685 iactum
1054 3629 1115 3694 est,
1131 3629 1165 3682 ut
1184 3625 1275 3683 scriba

74 3751 224 3806 aberraret
249 3721 294 3800 ad·
311 3746 480 3818 superiorem
505 3761 616 3800 versum
635 3744 680 3798 hio
698 3760 810 3813 quoque
826 3743 933 3796 tautum
950 3757 1009 3796 esse
1024 3739 1167 3796 videmus:
1184 3740 1275 3792 mentia

74 3859 111 3896 ex
141 3837 283 3908 superiore
306 3854 387 3892 versu
413 3853 477 3892 aum
501 3835 630 3890 iterasset
656 3833 748 3888 scriba
773 3832 892 3888 totidem
912 3830 1077 3886 litterassx
1095 3845 1131 3886 au
1146 3845 1229 3885 uersu
1244 3827 1276 3882 ia

73 3947 135 4000 quo
156 3927 327 3982 subsistebat
345 3925 450 3981 omisit.

117 4020 149 4089 3)
169 4017 249 4072 ›Hoo
271 4015 384 4081 folium,
411 4013 487 4084 quod
510 4011 577 4069 olim
602 4031 667 4068 curn
686 4031 749 4084 psg.
767 4012 810 4087 ”lt
828 4007 1123 4082 cohaerebattipsiirs
1137 4005 1277 4074 Hierony·

75 4107 170 4164 miani
189 4106 366 4162 amanuensis
385 4121 471 4160 manu
490 4103 638 4160 rescissum
656 4099 767 4174 periit”.
