2890 4616
213 53 279 121 320
508 76 592 126 mer.
616 55 670 126 IV.
695 77 731 126 11.
754 58 790 146 ξς
814 55 852 134 1,
876 60 906 128 2.
931 69 977 128 tu.
1003 79 1050 148 pr.
1076 62 1108 129 1.

208 247 256 310 rei
289 247 418 331 quidem
452 268 527 314 snae
562 250 704 315 dominio
736 252 864 336 eadere,
897 255 944 318 sin
976 259 1083 320 autem
1114 254 1218 320 aliena
1241 255 1294 326 sit,
1318 265 1376 338 post

209 354 445 419 rest'tutionem
479 357 577 420 etiam
601 359 857 423 aestimationem
876 359 1019 423 eiusdem
1038 362 1084 425 rei
1102 367 1271 446 praestare.
1307 361 1377 444 quod

209 479 272 523 non
304 459 407 524 solum
439 463 473 524 in
495 462 669 528 mobilibus
691 464 802 537 rebus.
827 484 907 549 quae
929 466 998 551 rapi
1020 473 1170 551 possunt,
1196 470 1378 532 constitutio

208 585 264 630 nes
294 567 433 651 optinere
458 573 663 647 censuerunt,
689 570 866 636 sedetiam
890 572 924 634 in
948 570 1181 639 invasionibus.
1208 594 1288 659 quae
1311 576 1381 638 onos

207 692 258 736 res
282 671 341 737 soli
365 671 463 746 fiunt.
486 678 523 738 ut
545 695 584 739 ex
605 674 664 740 hae
688 695 783 740 eausa
804 679 893 741 omni
910 679 1021 762 rapina
1041 678 1185 744 homines
1204 679 1382 746 abstineant.

209 776 247 842 In
270 780 330 844 hae
353 782 475 845 satione
498 800 561 846 non
583 783 695 865 utique
715 787 900 868 expectatur
920 803 989 848 rem
1008 786 1043 848 in
1063 785 1153 850 bonis
1172 788 1288 850 actoris
1308 803 1397 850 ossea

209 904 285 950 nam
315 888 382 952 sive
412 889 447 951 in
477 888 568 952 bonis
598 889 641 952 sit
672 890 738 953 sive
769 908 832 952 non
862 888 922 973 sit,
954 892 982 953 si
1012 895 1119 956 tamen
1143 913 1182 957 ex
1205 893 1299 957 bonis
1322 894 1371 968 sit,
1432 957 1434 976 ⁴

207 988 314 1055 looum
346 991 423 1058 ha‘eo
455 994 537 1058 aotio
569 992 709 1059 habebit.
757 1014 853 1079 quare
885 996 953 1061 sive
976 998 1176 1063 oommodata
1199 999 1269 1063 sive
1292 997 1385 1062 locata

208 1098 275 1164 sive
307 1100 402 1163 etiam
427 1102 595 1186 pignerata
618 1101 684 1165 sive
709 1101 851 1186 deposita
874 1101 916 1166 sit
940 1103 1025 1187 apud
1049 1101 1173 1168 Titium
1196 1105 1260 1180 sio,
1286 1109 1325 1166 ut
1346 1106 1383 1165 in·

205 1205 297 1268 tersit
332 1207 401 1270 eius
433 1227 503 1272 eam
534 1228 597 1271 non
630 1206 761 1284 auferri,
795 1207 898 1272 veluti
928 1211 957 1272 si
985 1211 1019 1272 in
1041 1231 1075 1274 re
1099 1209 1243 1294 deposita
1267 1209 1386 1294 eulpam

206 1329 330 1397 quoque
359 1314 524 1397 promisit,
556 1315 623 1379 sive
646 1314 728 1378 bona
751 1311 812 1378 fide
836 1314 1012 1399 possideat,
1037 1318 1105 1380 sive
1128 1336 1224 1380 usum
1250 1315 1386 1380 fructum

207 1417 242 1481 in
263 1439 300 1484 ea
323 1421 394 1504 quis
417 1418 533 1484 habeat
556 1419 610 1486 vel
630 1420 714 1505 quod
737 1417 826 1484 alind
848 1421 917 1498 ius,
938 1424 975 1484 nt
993 1419 1119 1486 intersit
1134 1421 1202 1486 eius
1221 1441 1288 1486 non
1309 1423 1386 1505 rapi:

204 1521 374 1590 dicendum
404 1529 453 1590 est
485 1529 663 1611 competere
693 1528 724 1590 ei
751 1525 831 1591 hane
860 1527 1036 1610 astionem,
1064 1531 1186 1592 utnon
1208 1527 1388 1592 dominium

204 1631 356 1715 accipiat,
380 1631 434 1696 sed
457 1632 540 1698 illud
563 1631 686 1710 solum,
710 1632 794 1717 quod
818 1653 857 1697 ex
880 1632 971 1697 bonis
994 1635 1062 1698 eius
1081 1635 1137 1718 qui
1155 1633 1308 1718 rapinam
1327 1653 1387 1717 pas

204 1756 258 1801 sus
285 1741 350 1816 est,
383 1737 417 1802 id
444 1739 597 1825 estquod
620 1740 860 1805 exsubstantia
883 1736 1123 1805 eius'ablatum
1147 1759 1214 1804 esse
1239 1759 1388 1824 propona-
1423 1733 1425 1742 '

204 1846 268 1908 tur.
316 1848 348 1909 et
378 1844 570 1931 generaliter
598 1845 766 1911 dicendum
787 1850 850 1922 est,
875 1866 914 1910 ex
937 1846 1052 1930 quibus
1075 1848 1177 1912 oansis
1200 1846 1284 1910 furti
1315 1848 1389 1910 aetio

205 1952 360 2035 competit
382 1953 416 2015 in
440 1971 474 2015 re
497 1950 580 2017 elam
602 1951 705 2029 faeta,
730 1973 770 2018 ex
792 1951 895 2017 isdem
919 1954 1021 2018 causis
1045 1972 1154 2018 omnes
1173 1952 1295 2018 habere
1315 1952 1388 2017 haue

207 2055 374 2121 sotionem.

766 2243 797 2315 ΙΙ
813 2244 839 2315 Ι.

611 2415 669 2504 ΙΒΕ
689 2415 787 2478 aree
808 2412 976 2489 soumis

257 2573 387 2652 Damni
412 2573 559 2652 iniuriae
585 2571 678 2650 aetio
705 2581 935 2653 constituitur
960 2607 1023 2678 per
1047 2581 1164 2680 legem
1191 2581 1390 2681 Aquiliam.

209 2697 308 2766 euius
336 2697 452 2791 primo
479 2696 596 2793 capite
621 2704 762 2765 eautrrm
788 2705 862 2788 est,
888 2703 927 2764 ut
952 2695 982 2764 si
1012 2695 1092 2791 quis
1116 2695 1305 2769 hominem
1333 2694 1393 2764 ali·

207 2831 311 2877 enum
345 2807 540 2878 alienamve
574 2805 838 2907 quadrupedem
861 2833 951 2906 quae
976 2808 1150 2904 pecudum
1178 2833 1332 2880 numero
1357 2809 1394 2877 sit

189 2917 340 2993 ¹iniuria
377 2921 566 3008 occiderit,
598 2924 722 3019 quanti
748 2945 788 2992 ea
813 2924 932 2993 resin
957 2946 1115 2992 eoanno
1140 2922 1287 3018 plurimi
1315 2922 1392 3006 fuir,
1436 3001 1437 3004 Ἴ

208 3041 344 3104 uantum
379 3035 527 3106 domino
557 3035 643 3106 dare
676 3034 872 3107 damnetur.
924 3035 1014 3116 Quod
1041 3037 1149 3102 autem
1173 3059 1236 3103 non
1258 3040 1405 3124 praeoieer

212 3147 250 3214 de
281 3150 500 3236 quadrupede,
530 3152 585 3215 sed
617 3150 655 3215 de
687 3171 724 3214 es
753 3154 878 3214 tautum
902 3171 981 3234 quae
1004 3151 1164 3235 peoudum
1187 3173 1328 3216 numero
1354 3156 1391 3214 est

212 3261 361 3334 cavetur,
394 3276 430 3321 eo
460 3259 614 3341 pertinet,
645 3262 683 3320 nt
711 3276 813 3339 neque
835 3256 873 3320 de
895 3255 971 3321 feris
992 3257 1103 3322 bestiis
1125 3279 1227 3342 neque
1251 3259 1293 3322 de
1319 3257 1390 3322 oani-

210 3363 271 3428 bus
294 3368 423 3428 cantum
448 3384 513 3428 esse
536 3362 779 3449 intellegamus,
800 3362 854 3427 sed
875 3363 913 3427 de
933 3363 984 3427 his
1003 3369 1148 3440 tautum,
1170 3385 1251 3449 quae
1270 3365 1389 3449 proprie
1436 3407 1437 3438 p

120 3504 121 3516 κ
212 3471 299 3554 pasci
333 3469 498 3554 dicuntur,
519 3467 628 3554 quales
651 3471 726 3533 sunt
749 3471 822 3553 equi
845 3467 929 3533 muli
952 3470 1031 3534 asini
1054 3470 1150 3536 boves
1174 3489 1250 3535 oves
1274 3488 1388 3554 caprae.

211 3575 249 3641 de
277 3577 388 3642 suibus
418 3596 542 3662 quoque
571 3575 658 3640 idem
683 3574 822 3658 plaouit,
851 3595 927 3640 nam
959 3578 992 3639 et
1021 3595 1093 3640 sues
1116 3595 1265 3660 pecorum
1293 3571 1388 3659 appel-

209 3680 328 3748 latione
352 3684 571 3763 eontinontur‚
596 3683 671 3767 quia
694 3684 726 3745 et
749 3680 784 3744 hi
806 3680 967 3768 gregatim
989 3686 1176 3764 pascuntur:
1195 3683 1241 3745 sio
1260 3681 1388 3764 denique

211 3793 243 3853 et
273 3785 432 3853 Homerus
460 3789 495 3852 in
528 3783 669 3871 Odyssea
685 3787 707 3871 ¹)
738 3787 799 3863 ait,
824 3787 907 3850 siout
930 3783 1041 3852 Aelius
1064 3785 1247 3852 Marcianus
1270 3788 1308 3851 in
1330 3785 1386 3850 suis

211 3893 467 3959 institutionibus
490 3891 604 3958 refert:

209 4063 403 4080 §.nn—*nunu*

244 4140 272 4213 1)
293 4141 341 4209 13,
359 4139 413 4198 sor
433 4159 473 4214 sq.
