2894 4616
459 51 515 103 en
536 29 595 112 nr,
619 31 656 120 §t
681 29 826 124 ΙΙΙ-,61
1167 37 1239 118 roe

46 224 280 300 monstraverit,
311 221 403 287 litem
438 222 594 308 perdere,
620 221 712 290 velut
745 224 774 287 si
805 225 876 308 quis
905 245 969 294 une
1000 246 1033 291 re
1056 227 1226 314 deflposite,
1251 254 1301 318 ee

45 331 120 396 dues
137 329 283 416 pluresve
305 328 511 413 [de]posuisse
528 329 809 407 demonstraverit,
840 331 845 413 Ι
866 333 924 409 eut,
938 331 966 394 si
984 332 1030 416 is,
1050 335 1103 399 eui
1119 356 1229 424 pugno
1252 361 1278 406 ro

43 435 127 500 mele
154 455 300 520 pereussa
329 439 393 510 est,
421 436 456 498 in
487 436 610 501 eotione
632 436 837 527 iniurielrum
862 437 961 500 etiem
985 436 1082 503 aliern
1105 448 1229 526 partem
1253 467 1275 512 n

42 543 175 626 eorporis
211 560 393 627 percussam
433 542 495 606 sibi
532 536 826 626 delmonstreverit3
862 542 945 627 quod
981 564 1021 608 en
1054 545 1231 618 debeamus.
1252 575 1278 619 se

41 646 162 712 eredere
192 649 300 714 verius
330 667 396 713 esse
417 648 423 733 Ι
443 647 632 735 diligentius
660 649 873 732 requiremus.
921 645 1014 715 Certe
1044 672 1118 718 eum
1147 653 1228 724 duae
1251 681 1277 724 rr

39 754 101 816 sint
130 752 276 843 depotsiti
306 750 479 831 formulae,
514 751 578 848 elie
606 754 641 818 in
671 753 723 817 ius
748 755 918 837 eoneepte,
942 753 1006 820 elia
1028 758 1062 824 in
1085 759 1225 842 fretum,
1251 786 1277 831 rr

38 860 118 923 siout
137 860 142 945 Ι
162 880 257 945 supro
279 878 404 944 qnoque
427 861 612 928 notavimus
634 864 666 924 et
688 860 723 923 in
748 878 785 925 ee
811 857 941 943 quidem
963 860 1121 942 formula,
1146 889 1226 954 quae
1251 894 1276 938 ΙΙ

37 967 69 1028 in
87 962 94 1053 Ι
113 967 165 1030 ius
188 969 337 1050 ooneepts
362 969 425 1049 est,
450 966 543 1031 initio
566 986 631 1044 res,
657 965 696 1032 de
716 985 778 1051 qus
798 964 926 1052 egitur,
948 965 1222 1061 demonstreltorio
1246 997 1281 1054 ro,
1297 1002 1320 1046 rr

37 1071 128 1136 modo
163 1071 363 1158 designetur,
401 1071 514 1138 deinde
542 1073 698 1138 inferetur
727 1073 808 1137 iuris
839 1071 986 1164 intenttio
1017 1074 1068 1140 his
1098 1080 1222 1146 verbis:
1249 1106 1274 1149 ΙΙ

36 1177 210 1262 „quidquid
239 1178 278 1242 ob
310 1198 381 1243 eam
409 1187 479 1243 'rem
503 1177 600 1244 illum
623 1177 674 1244 illi
698 1178 772 1244 dere
793 1177 798 1267 Ι
819 1178 921 1244 faeere
946 1179 1101 1264 oportet'’,
1126 1186 1161 1250 in
1184 1207 1222 1253 ee
1245 1209 1272 1254 re

34 1303 106 1378 vero
138 1303 218 1368 quae
247 1285 281 1347 in
309 1284 431 1348 fectum
461 1291 608 1369 oonoepto
632 1293 676 1349 eet
697 1282 799 1348 rtatim
822 1283 926 1371 initito
950 1287 1135 1354 intentionis
1157 1289 1221 1358 alio
1244 1314 1272 1360 so

32 1387 124 1454 modo
148 1410 198 1455 res
221 1389 260 1456 de
284 1409 346 1475 qus
371 1391 494 1476 egitur,
518 1389 704 1477 designetur
723 1388 729 1474 Ι
749 1388 801 1454 his
822 1389 947 1454 verbis:
962 1392 1011 1468 „si
1021 1398 1111 1476 peret
1122 1393 1219 1464 illum
1240 1421 1266 1464 ss

34 1494 115 1579 apud
147 1494 240 1559 illurn
271 1494 453 1580 deposuisse
463 1493 493 1579 ,’'
524 1495 683 1590 dutbitere
713 1515 777 1560 non
801 1495 973 1590 debemus,
998 1500 1074 1582 quin
1097 1501 1126 1564 si
1149 1505 1220 1588 quis
1242 1527 1268 1570 rr

32 1601 64 1662 in
94 1599 235 1686 formula
264 1621 344 1686 quae
378 1605 411 1667 in
432 1602 438 1689 Ι
457 1603 580 1668 festum
603 1603 780 1687 composite
802 1606 851 1668 est
873 1600 980 1686 plures
1002 1625 1051 1668 res
1074 1603 1220 1696 designe-
1242 1631 1270 1678 ss

33 1707 132 1782 verit,
166 1725 263 1792 quem
295 1707 502 1804 deposuerit,
527 1708 620 1774 litem
642 1708 769 1794 perdet,
797 1709 872 1793 quie
893 1710 927 1772 in
949 1710 1124 1803 intentione
1146 1713 1218 1801 plus
1239 1739 1267 1784 ss

31 1817 160 1900 poruitfl
187 1861 1162 1885 ..................
1162 1859 1165 1864 ·
1213 1871 1221 1888 .

1290 1919 1358 1988 210

1287 2014 1359 2098 we)

29 2096 256 2166 Ι
304 2139 1218 2164 ·················
1246 2100 1356 2188 o—et

31 2388 53 2456 †
77 2428 709 2448 ············
721 2320 723 2322 Ι
761 2431 995 2448 ·····
1041 2389 1051 2448 ἒ
1100 2431 1108 2450 ·
1156 2433 1163 2448 ·
1212 2299 1357 2476 1168-ῗῖ

68 3133 97 3202 *Ι
117 3131 168 3183 »In
193 3129 297 3202 pagine
321 3128 456 3185 exteriore
480 3128 551 3184 nihil
576 3125 630 3184 nisi
654 3145 807 3203 perpaucas
830 3123 941 3185 littores
961 3121 1098 3200 expiscari
1116 3124 1213 3199 potui,

29 3220 116 3289 penlo
139 3220 232 3290 plures
258 3219 374 3275 tortuose
396 3222 536 3290 poteram,
562 3219 611 3274 sed
636 3220 727 3288 nolui,
747 3236 781 3275 ne
800 3219 986 3276 remediorum
1005 3219 1034 3277 vi
1052 3219 1214 3274 membrene

32 3309 148 3379 penitus
166 3309 296 3379 periret''.

65 3402 112 3470 **Ι
133 3399 192 3455 »De
216 3416 280 3474 pag.
304 3398 440 3458 exteriore
463 3401 574 3469 praeter
596 3398 796 3456 incertissimus
824 3400 953 3467 umbras,
982 3417 1064 3470 ques,
1091 3416 1126 3456 ne
1151 3397 1215 3454 eliis

27 3489 157 3546 fraudem
180 3489 313 3555 facerem,
331 3488 486 3560 describere
506 3488 599 3555 nolui,
618 3489 689 3544 nihil
707 3489 761 3544 nisi
781 3506 886 3561 peuoae
905 3489 1018 3546 litterae
1037 3487 1214 3558 supersunt'.

27 3581 60 3634 In
87 3580 178 3635 alteru
202 3582 252 3638 eut
270 3579 300 3636 in
319 3582 438 3650 utreque
457 3578 602 3656 deperdita
620 3579 724 3651 pagine
743 3578 829 3634 Gaius
849 3579 907 3651 egit
927 3580 961 3634 de
981 3578 1090 3634 untione
1108 3594 1165 3648 que
1183 3576 1213 3631 in

25 3669 170 3740 peculium
189 3686 329 3725 servorum
348 3669 523 3738 filiorumque
539 3668 606 3723 fem.
623 3669 775 3740 agebatur,
791 3669 855 3723 vide
869 3667 943 3722 inira
959 3668 1031 3738 569.
1065 3668 1213 3722 Praeterea

26 3760 55 3815 in
82 3761 138 3816 fine
161 3759 246 3814 huius
270 3758 389 3830 paginae
414 3759 475 3830 egit
498 3758 531 3814 de
557 3758 781 3830 compensatione
803 3759 834 3812 in
859 3757 948 3813 bones
973 3755 1039 3814 fidei
1062 3754 1172 3837 iudioiis
1194 3771 1213 3808 a

25 3850 121 3906 iudiee
140 3867 196 3906 non
216 3847 383 3920 negligenda
402 3848 437 3903 ot
457 3848 519 3918 §39
539 3848 608 3904 lust.
624 3851 656 3902 et
669 3851 685 3918 §
696 3849 728 3902 31
748 3864 820 3917 quae
837 3850 911 3903 uerte
928 3864 962 3902 ex
978 3846 1092 3904 Guisnis
1108 3844 1213 3917 partim

25 3939 186 4011 deperditis
207 3939 325 4004 oonfiete
351 3942 431 4006 suntn
458 3956 505 4006 res,
520 3942 564 3995 est
583 3941 678 4003 temen
697 3937 785 4004 arduo,
804 3940 835 4002 et
852 3937 1023 4013 periculose,
1043 3940 1077 3994 ut
1095 3939 1138 3993 est
1158 3934 1213 3995 Hie
1278 3951 1288 3967 ²

25 4032 161 4096 conatus,
180 4031 305 4106 retexere
323 4028 393 4108 nese
411 4029 557 4100 deperdito
578 4045 612 4085 ex
631 4027 697 4102 illis.
