2880 4614
403 125 405 129 ,
430 65 496 115 sn.
520 47 576 132 11.
600 46 840 134 §erse-124.
1158 47 1224 114 ees

56 240 133 328 legis
162 238 326 329 Aipuleios
355 238 544 305 beneficium
571 244 725 328 supersit:
755 248 787 308 et
810 245 922 328 utique
946 245 1035 305 extra
1057 239 1185 307 Italiam
1206 242 1211 326 1
1232 263 1259 308 rs

55 351 206 431 superest:
230 367 306 410 nem
329 346 382 410 len
402 347 531 430 quidem
550 347 648 414 Furio
666 354 793 414 tentum
812 352 846 413 in
865 347 960 412 Italia
971 347 1073 424 valet,
1087 346 1222 431 Apuleia
1233 367 1259 412 so

54 472 122 517 vero
143 453 147 534 Ι
167 453 264 515 etiem
285 455 318 515 in
341 455 472 517 caeteris
494 456 683 539 provinciis:
709 455 763 520 sed
787 477 827 519 an
850 457 948 518 etiem
968 453 1015 534 [ic
1035 453 1148 538 It]alie
1163 452 1186 541 ¹)
1209 455 1260 537 111

55 558 77 643 ²)
91 561 241 643 supersit,
268 558 359 624 valde
382 561 554 642 quaeritur.
589 561 638 624 Ad
653 563 850 644 fideiussores
871 568 968 624 autem
991 561 1039 622 lec
1059 561 1064 643 Ι
1084 558 1266 644 Apuleiae,
1279 580 1306 624 rr

51 685 110 730 non
131 667 282 749 pertinet:
307 667 416 749 itaque
439 667 467 728 si
491 666 627 732 creditor
646 669 685 732 ab
706 689 769 732 uno
782 673 884 732 totum
899 651 1220 748 coclseeutusfuerit,
1233 686 1260 730 rs

50 770 142 834 huius
171 770 301 856 sol[i]us
332 770 560 837 detrimentum
592 773 669 850 erit,
692 775 698 858 Ι
718 774 855 850 scilicet,
882 776 909 837 si
931 775 959 836 is
982 791 1039 857 pro
1063 791 1124 856 quo
1148 769 1260 836 fide-rs

50 884 155 956 iussit,
189 883 339 950 solvendo
368 906 431 951 non
461 888 520 965 sit;
554 889 608 952 sed
636 895 669 951 ot
692 887 901 971 err-³){lsupra
925 883 1048 972 dieti[e]
1076 888 1224 970 apparet,
1273 881 1336 947 161

49 989 74 1052 is
104 1010 122 1053 a
153 1011 214 1076 quo
246 991 382 1057 creditor
412 997 517 1058 totum
547 996 647 1079 petit,
668 996 673 1079 Ι
694 997 811 1079 poterit
842 1013 881 1058 ex
909 990 1046 1077 epistula
1069 991 1137 1057 divi
1160 989 1251 1055 Her
1269 999 1274 1013 '
1293 974 1360 1058 ¹⁰⁶²)

19 1091 146 1178 1)(111111
177 1096 370 1175 desiderare,
403 1103 441 1163 ut
469 1120 525 1184 pro
548 1105 638 1184 perte
661 1102 696 1166 in
717 1101 722 1187 Ι
742 1121 776 1166 se
799 1100 892 1165 detur
915 1100 1006 1164 ectio.
1030 1096 1034 1179 Ι
1055 1097 1222 1162 Praeterea
1233 1116 1283 1173 s,s

49 1201 117 1288 lege
140 1199 282 1268 Cicereia
305 1209 436 1270 cautum
459 1210 524 1282 est,
549 1213 586 1270 ut
609 1208 654 1284 is,
676 1210 732 1292 qui
750 1226 928 1293 sponsores,
947 1207 1003 1268 sut
1018 1201 1249 1299 fidelpromiss

47 1327 127 1382 sores
150 1311 304 1395 accipiet,
329 1311 490 1396 praedicat
512 1311 620 1398 pelam
643 1317 675 1378 et
699 1301 856 1389 declaret,
884 1311 974 1376 etde
994 1330 1056 1396 qua
1076 1311 1081 1394 Ι
1102 1310 1249 1375 rosetiss

47 1416 197 1498 accipiat,
221 1421 253 1480 et
275 1422 352 1501 quot
375 1438 537 1502 sponsores
560 1424 616 1484 eut
640 1417 905 1504 fidepromissores
925 1420 930 1502 Ι
950 1419 985 1482 in
1008 1437 1079 1481 eam
1102 1414 1249 1502 obliga-r

47 1521 163 1585 tionem
188 1528 373 1608 accepturus
396 1526 454 1602 sit;
481 1530 513 1589 et
534 1528 596 1589 nisi
618 1525 829 1610 praedixerit,
852 1525 1075 1610 {permittitur
1098 1540 1249 1606 sponso-e

46 1627 130 1692 ribus
162 1633 194 1692 et
222 1628 528 1715 fidepromissoribus
557 1634 641 1697 intra
671 1632 768 1704 ditem
800 1633 1004 1718 trigesimum
1016 1629 1043 1710 ⁴)
1066 1627 1249 1714 praeiudi-e

47 1733 130 1798 cium
153 1735 314 1820 postulare
326 1738 363 1821 ⁵),
388 1758 427 1802 an
451 1756 491 1803 ex
515 1759 551 1803 es
572 1737 645 1825 lege
665 1740 670 1822 Ι
690 1738 890 1823 praedictum
914 1737 971 1813 sit,
998 1739 1030 1800 et
1053 1735 1081 1800 si
1103 1733 1260 1800 iudica-n

47 1844 113 1903 tum
136 1842 253 1918 fuerit,
276 1842 475 1927 praedictum
497 1867 558 1908 noc
582 1865 666 1928 esse,
690 1843 894 1937 libelrentur:
920 1864 982 1928 que
1004 1840 1076 1929 lege
1099 1839 1260 1905 fideiusu

51 1967 155 2010 sorum
186 1949 334 2033 menti[o]
367 1948 456 2014 nulle
482 1948 534 2014 fit:
559 1951 613 2018 sed
638 1953 671 2014 in
694 1971 755 2014 usu
779 1955 845 2026 est,
868 1949 1006 2037 etiemlsi
1029 1947 1226 2013 fideiussores
1237 1968 1262 2012 rs

49 2056 238 2138 accipiamus
260 2054 447 2141 praedicere.
470 2059 476 2142 Ι

17 2155 35 2244 l)
88 2159 151 2228 Sed
174 2161 364 2230 beneficium
385 2164 468 2252 legis
491 2161 654 2232 Gemeliae
677 2163 824 2229 omnibus
847 2183 1016 2228 commune
1039 2167 1103 2227 est:
1125 2181 1188 2246 qua
1208 2161 1258 2245 11

47 2266 115 2356 lege
138 2269 224 2335 idem
247 2291 303 2356 pro
326 2269 436 2336 eodem
460 2271 544 2356 apud
568 2270 703 2336 eundem
728 2270 838 2334 eodem
862 2289 942 2334 enno
962 2272 1090 2333 vetetur
1107 2270 1142 2332 in
1155 2288 1219 2330 am·
1232 2288 1259 2333 ss

47 2375 190 2459 plilorem
213 2397 374 2440 summam
398 2375 535 2463 obligari
554 2378 690 2442 creditae
709 2377 875 2462 pecuniae,
894 2397 991 2460 quam
1009 2376 1044 2439 in
1058 2373 1220 2459 [sestertia]
1233 2396 1259 2440 rs

48 2483 178 2568 viginti,
223 2485 269 2564 [et
307 2484 511 2547 condemnetur
548 2483 713 2547 eestmium
756 2483 910 2546 demtecot
945 2481 1067 2563 sipictr]
1100 2479 1106 2568 Ι
1138 2479 1259 2546 mili-rs

48 2587 118 2664 bus,
143 2590 308 2674 etiamsi⁶)
333 2591 366 2655 in
390 2591 538 2674 quemvis
561 2589 702 2674 amplam
721 2586 901 2674 pelouniem
926 2587 968 2676 [ee
985 2586 1184 2669 obbipceere'tt
1207 2587 1258 2670 11

77 2889 103 2960 1)
123 2889 170 2944 (1.1
189 2890 274 2988 etium
293 2891 353 2986 alie.

75 3005 103 3074 2)
122 2970 390 3076 (seniseui'igs
409 3005 549 3076 apuleiae)
569 3005 599 3059 e.

76 3096 104 3165 3)
123 3095 158 3148 In
176 3112 205 3149 re
225 3095 310 3149 dubia
329 3097 439 3150 secutus
457 3114 518 3150 sum
537 3097 659 3149 caeteros
678 3092 741 3148 edd.

77 3189 104 3256 *)
126 3203 206 3257 spsg.
225 3184 345 3240 exterior
363 3185 444 3241 focile
463 3184 593 3255 legitur''.

76 3278 105 3348 4)
124 3277 170 3331 (1.1
190 3276 275 3330 XXX.

76 3365 103 3434 5)
122 3369 189 3438 (quo
208 3366 328 3437 querot')
348 3366 378 3420 0.

77 3457 105 3526 6)
124 3457 213 3510 Locus
241 3458 284 3510 est
310 3455 416 3527 duplici
441 3455 523 3527 modo
548 3473 658 3526 pessum
685 3455 783 3518 dutus,
810 3454 931 3524 primum
955 3467 1001 3515 eo,
1021 3450 1096 3519 quod
1114 3449 1230 3505 voculae

44 3545 98 3598 ssi*
118 3548 148 3600 et
168 3546 239 3624 squ*
259 3547 307 3618 (:
325 3547 463 3618 quemvis)
481 3547 542 3602 loco
564 3564 612 3601 suo
633 3547 846 3609 aberraverunt,
863 3542 962 3597 deinde
977 3539 1051 3610 quod
1066 3540 1173 3611 glossae
1189 3556 1231 3594 re·

42 3644 136 3711 ceptae
165 3644 245 3708 sunt,
275 3644 378 3713 partim
403 3643 531 3715 genuinis
557 3642 679 3697 abiectis.
718 3642 750 3695 In
777 3641 843 3696 cod.
869 3642 925 3695 est:
952 3643 982 3695 et
1010 3630 1052 3710 q'u
1077 3641 1233 3709 sponsosr'r

43 3737 227 3810 fideipmissof
244 3739 274 3792 in
294 3740 416 3811 emplum
435 3741 583 3811 pecuniam
598 3727 646 3795 uu
659 3742 707 3811 (z
717 3739 819 3809 veluti)
839 3737 862 3792 si
882 3730 1021 3794 1111111.
1041 3738 1129 3810 (sicl).
1148 3737 1232 3791 -In

43 3827 102 3882 eliis
124 3830 190 3884 Mss.
216 3830 306 3885 solent
330 3830 471 3886 sestertios
496 3834 594 3887 notsre
618 3831 682 3886 Hs.
710 3830 740 3884 in
771 3831 866 3885 nostro
892 3845 1000 3900 semper
1031 3830 1102 3896 »se'';
1128 3827 1232 3883 inillis

43 3925 144 3982 lineola
167 3927 353 3999 superscripta
377 3946 491 3985 numero
515 3930 587 3985 solet
606 3926 717 3984 »milid'
736 3928 871 3994 indicare,
891 3928 946 3997 (ex.
966 3947 1006 4000 gr.
1029 3917 1052 3982 c*
1062 3946 1099 3979 :
1118 3929 1233 3982 centum

43 4016 147 4090 milie,)
171 4018 201 4071 in
229 4021 323 4075 nostro
343 4035 451 4090 semper
468 4020 499 4074 id
518 4020 684 4076 vocabulum
703 4037 738 4075 ex
758 4018 915 4074 abundanti
924 4016 1045 4072 additur.
1085 4017 1231 4072 Caeterum

43 4106 144 4164 reiecto
168 4109 308 4164 sententie
331 4109 482 4178 Huschkfi,
506 4109 599 4166 nescio
622 4107 689 4180 quid
714 4108 881 4168 discriminis
903 4108 987 4168 fuisse
1012 4106 1231 4168 successisse
