2934 4608
190 48 240 114 cc
570 66 654 115 rusr.
677 48 717 114 ΙΙ.
742 69 786 116 11.
811 51 847 134 ἓξ
861 48 1005 115 12-14.

195 261 309 305 norum
341 240 510 323 possessori
541 239 618 304 licet
646 241 808 326 ignoranti
836 243 989 324 possessio
1018 258 1081 303 non
1109 239 1246 324 prodest.
1295 239 1384 324 quod

196 350 304 410 nostra
328 346 512 409 const‘tntio
533 345 684 409 similiter
707 349 739 408 et
761 347 795 407 in
818 346 1065 430 usucapionibus
1085 345 1245 411 observari
1266 346 1385 409 consti-

194 455 274 526 tuit,
312 456 350 514 ut
385 455 528 534 tempora
563 454 794 515 continuentur.
842 449 928 515 Inter
958 450 1156 515 venditorem
1190 471 1318 535 quoque
1351 455 1384 513 et
1395 472 1421 514 11

201 560 377 640 emptorem
408 557 559 642 coniungi
590 561 733 640 tempora
764 557 857 622 dirus
880 555 1016 622 Severus
1037 560 1069 620 et
1091 557 1249 620 Antonius
1274 557 1387 620 rescri-

193 667 341 746 pserunt.

249 767 362 832 Edicto
398 768 466 833 divi
496 767 599 833 Marci
630 773 759 834 cavetur
788 789 882 852 eum,
914 771 970 853 qui
1000 789 1019 833 a
1048 766 1121 833 fisco
1150 789 1217 832 rem
1242 767 1386 832 alienam
1399 788 1423 830 n

202 877 297 950 emit,
323 875 350 938 si
373 880 445 959 post
466 875 682 939 venditionem
706 876 958 959 quinquennium
981 877 1189 960 praeterierit,
1217 895 1310 958 posse
1332 875 1387 938 do-

204 982 331 1044 minum
354 982 400 1044 rei
422 1001 478 1065 per
502 983 719 1064 exceptionem
742 979 902 1064 repellere.
952 983 1136 1045 constitutio
1160 985 1269 1044 antem
1292 981 1391 1045 divae

202 1088 375 1150 memoriae
401 1084 533 1150 Zenonis
556 1087 635 1150 bene
658 1088 821 1170 prospexit
843 1086 911 1163 his,
937 1088 992 1170 qni
1015 1107 1033 1150 a
1055 1067 1129 1150 fisco
1152 1107 1208 1170 per
1230 1086 1392 1150 venditio-

113 1232 115 1236 *
204 1212 277 1256 nem
306 1191 358 1255 vel
390 1191 592 1270 donationem
621 1190 674 1257 101
707 1191 808 1256 alium
839 1190 975 1254 titulum
1003 1190 1123 1275 aliquid
1147 1193 1326 1275 accipiunt,
1351 1196 1392 1254 ut

198 1284 268 1382 ipsi
295 1295 424 1381 quidem
456 1299 559 1362 securi
590 1299 701 1361 statim
731 1295 812 1372 fiant,
831 1303 863 1360 et
884 1299 1020 1362 victores
1044 1299 1198 1380 existant,
1223 1299 1291 1361 sive
1317 1317 1392 1362 oon-

206 1404 376 1467 veniantur
398 1404 465 1467 sive
488 1405 707 1487 experiantur3
730 1403 880 1468 adversus
901 1405 1149 1467 sacratissimum
1176 1408 1282 1468 autem
1304 1423 1394 1468 aera-

207 1511 292 1572 rium
327 1529 427 1593 usque
463 1509 502 1572 ad
538 1508 781 1593 quadriennium
815 1507 910 1574 liceat
944 1509 1106 1572 intendere
1140 1509 1205 1585 his,
1244 1511 1301 1593 qui
1333 1529 1393 1593 pro

210 1615 350 1679 dominio
384 1613 438 1679 vel
470 1615 650 1701 hypotheca
685 1635 794 1678 earum
830 1636 954 1692 rernm,
990 1634 1069 1699 qnae
1104 1613 1259 1680 alienatae
1295 1621 1392 1692 sunt,

204 1721 392 1805 putaverint
416 1720 479 1784 sibi
502 1721 655 1804 quasdam
678 1725 855 1806 competere
884 1723 1032 1785 actiones.
1078 1725 1185 1785 nostra
1209 1726 1319 1786 autem
1344 1721 1395 1784 di-

209 1829 285 1891 vina
315 1827 516 1904 constitutio,
549 1847 645 1911 quam
675 1846 775 1910 nuper
805 1825 1100 1912 promulgavimus,
1133 1828 1231 1891 etiam
1259 1827 1298 1890 de
1322 1827 1392 1899 his,

209 1934 267 2016 qui
293 1953 311 1996 a
333 1936 440 1996 nostra
461 1931 514 1997 rel
536 1931 726 1998 venerabilis
749 1933 915 2019 Augustae
937 1930 1030 1996 domo
1051 1930 1173 2016 aliquid
1196 1935 1392 2018 acceperint,

211 2037 289 2101 haec
319 2038 450 2114 statuit,
482 2057 561 2121 quae
591 2039 626 2100 in
656 2035 816 2101 fiscalibus
844 2035 1088 2103 alienationibus
1112 2037 1270 2123 praefatae
1293 2039 1394 2105 Zeno·

208 2144 325 2207 ,nianae
350 2141 585 2208 constitutionis
609 2145 818 2208 continentur.
