2880 4614
196 47 263 114 246
395 44 551 113 1usn.lII.
575 41 1000 132 xv.§7.xu1.pr.§§l,2.
1024 61 1163 132 nvnpr.

243 235 316 301 Non
334 234 439 301 solum
457 255 507 300 res
524 237 559 300 in
576 234 769 320 stipulatum
788 234 902 301 deduci
919 240 1068 321 possunt,
1089 236 1143 300 sed
1164 237 1259 299 etiarn
1278 235 1387 299 lactati

198 345 236 405 ut
265 343 293 405 si
321 340 514 426 stipulamur
543 339 612 406 fieri
641 339 765 426 aliquid
795 342 848 407 vel
872 361 935 407 non
958 343 1036 408 fieri.
1084 347 1116 406 et
1139 344 1174 405 in
1196 339 1373 405 huiusmodi

200 446 461 531 stipulationibus
495 449 656 532 optimum
690 450 752 512 erit
786 468 920 533 poenam
956 449 1116 522 subicere,
1153 467 1193 512 ne
1224 448 1375 531 quantitas

200 551 416 636 stipulationis
444 555 478 616 in
508 554 629 618 incerto
660 555 703 618 sit
733 573 769 618 ac
798 573 924 619 necesse
947 557 991 619 sit
1013 556 1111 619 actori
1134 553 1286 637 probare,
1310 551 1377 635 quid

201 659 271 721 eius
293 659 427 722 intersit.
462 660 569 743 itaque
592 661 619 724 si
644 661 716 743 quis
738 665 776 724 ut
800 657 856 723 fiet
877 659 1000 745 aliquid
1025 659 1214 745 stipuletur,
1238 659 1287 722 ita
1306 657 1378 721 adici

201 783 302 846 poena
332 763 440 828 debet:
474 766 513 827 ‘si
541 765 588 827 ita
616 764 738 829 factum
760 786 824 830 non
847 768 924 845 erit,
948 770 1020 830 tum
1043 784 1161 851 poenae
1182 765 1315 828 nomine
1337 761 1379 826 de

203 881 272 932 cem
304 887 414 932 aureos
444 868 517 933 dara
544 870 677 954 spondes
685 868 708 934 l’
730 871 784 935 sed
807 872 835 935 si
858 871 1013 955 quaedam
1036 869 1119 946 fieri,
1144 868 1305 953 quaedam
1328 888 1380 931 non

201 972 270 1038 fieri
300 994 364 1038 una
394 975 567 1060 eademque
590 981 792 1063 conceptione
815 977 1000 1063 stipuletur,
1028 975 1171 1043 clausula
1192 977 1255 1039 erit
1279 974 1381 1038 huius

204 1079 293 1143 modi
319 1080 500 1144 adicienda:
536 1083 573 1146 ‘si
602 1082 753 1148 adversus
776 1104 813 1149 ea
836 1083 957 1150 factum
980 1086 1058 1167 erit,
1083 1084 1149 1147 sive
1172 1079 1251 1165 quid
1274 1082 1325 1144 ita
1345 1079 1382 1142 la

205 1189 294 1251 ctum
314 1205 377 1250 non
399 1187 477 1270 erit,
501 1189 577 1252 tuno
599 1207 717 1272 poenae
740 1192 870 1255 nomine
890 1190 999 1255 dacem
1019 1182 1383 1270 aureosdaraspondasl'

756 1434 844 1500 XVI.

331 1602 382 1662 DE
402 1601 549 1662 DUOBUS
569 1603 655 1663 auls
677 1603 908 1664 STIPULANDI
927 1603 976 1662 ΕΤ
996 1601 1273 1664 PROMITTENDI.

251 1762 294 1826 Et
323 1762 498 1848 stipulandi
528 1769 560 1829 et
590 1764 799 1850 promittendi
829 1766 892 1830 duo
915 1765 1061 1850 pluresve
1085 1766 1132 1830 rei
1154 1763 1224 1829 fieri
1247 1767 1388 1848 possunt.

207 1868 382 1953 stipulandi
410 1871 472 1943 ita,
504 1872 532 1934 si
561 1877 633 1955 post
663 1873 807 1935 omnium
837 1873 1121 1958 interrogationem
1152 1871 1331 1956 promissor
1353 1888 1391 1931 ra

207 1973 359 2058 spondeat
390 1974 553 2060 ‘spondeo’.
600 1979 638 2040 ut
669 1981 748 2061 puta
779 1997 853 2041 cum
885 1976 1009 2042 duobus
1039 1977 1210 2061 separatim
1239 1974 1390 2059 stipulan-

210 2078 298 2143 tibus
328 2081 375 2144 ita
404 2083 575 2166 promissor
598 2083 784 2167 respondeat
808 2085 946 2167 ‘utrique
968 2087 1112 2148 vestrum
1136 2081 1209 2145 dare
1233 2078 1390 2165 spondao':

210 2205 286 2249 nam
315 2188 344 2249 si
371 2188 460 2272 prius
490 2185 576 2252 Titio
602 2188 823 2273 spoponderit,
845 2188 958 2252 deinde
982 2187 1046 2252 alio
1068 2190 1287 2273 interrogante
1309 2205 1392 2270 spon·

210 2290 299 2369 dact,
324 2290 389 2356 alia
413 2297 507 2378 atque
532 2291 594 2356 alia
618 2295 678 2357 erit
702 2292 856 2380 obligatio
878 2314 936 2358 nec
956 2293 1129 2358 creduntur
1148 2291 1210 2356 duo
1228 2293 1279 2356 rei
1300 2293 1394 2374 stipu-

210 2394 299 2461 landi
333 2417 409 2462 asse.
457 2396 519 2462 duo
554 2398 702 2484 pluresve
736 2402 784 2464 rei
813 2399 1023 2485 promittendi
1052 2401 1101 2463 ita
1130 2396 1228 2488 fiunt:
1255 2395 1392 2470 ‘Maeui

210 2497 362 2586 quinque
383 2522 492 2568 aureos
528 2502 601 2569 dare
635 2501 789 2590 spondes?
844 2503 915 2582 Sei,
949 2504 1077 2569 eosdem
1112 2507 1251 2589 quinque
1287 2520 1393 2566 aureos

211 2607 285 2671 dare
316 2605 478 2692 spondesl’
514 2609 722 2694 respondeant
757 2609 878 2697 singuli
913 2613 1085 2696 separatim
1122 2607 1292 2695 ‘spondeo’.
1349 2606 1407 2670 Exi

212 2712 398 2777 huiusmodi
419 2713 669 2801 obligationibus
693 2720 725 2781 et
741 2705 971 2801 stipulantibus
989 2715 1129 2781 solidum
1148 2713 1288 2801 singulis
1309 2713 1394 2778 debe-

211 2821 264 2880 tur
298 2829 329 2883 et
363 2821 585 2903 promittentes
616 2821 738 2908 singuli
765 2824 800 2885 in
831 2821 970 2886 solidum
1002 2825 1159 2886 tenentur.
1205 2823 1241 2884 in
1263 2823 1394 2902 utraque

215 2925 323 2986 tamen
353 2922 549 3010 obligatione
579 2945 642 2989 una
663 2946 713 2991 res
735 2929 891 2992 vertitur:
917 2932 949 2992 et
972 2926 1025 2992 vel
1048 2925 1128 2992 alter
1150 2926 1300 2991 debitum
1323 2925 1395 2988 acci·

214 3027 329 3112 pieudo
363 3028 416 3093 vel
450 3028 531 3094 alter
564 3030 714 3097 solvendo
751 3036 896 3098 omnium
931 3035 1067 3118 peremit
1101 3031 1334 3118 obligationem
1368 3033 1394 3091 et

214 3152 323 3196 omnes
353 3131 479 3198 libarat.
526 3135 575 3199 Ex
604 3136 727 3202 duobus
757 3140 819 3203 reis
849 3139 1057 3224 promittendi
1088 3136 1171 3202 alius
1193 3157 1292 3221 pura,
1317 3133 1410 3199 aliiue

214 3241 250 3301 in
280 3238 364 3302 diem
394 3239 448 3303 vel
474 3240 533 3305 sub
564 3241 745 3307 condicione
776 3242 913 3330 obligari
944 3248 1065 3329 potest:
1089 3264 1148 3307 nee
1171 3241 1393 3326 impedimento

217 3345 278 3407 erit
301 3344 369 3408 dies
391 3350 446 3409 aut
470 3345 628 3424 condicio,
654 3367 716 3431 quo
739 3351 846 3414 minus
872 3349 910 3414 ab
934 3370 970 3415 eo
994 3352 1048 3434 qui
1072 3369 1151 3434 pure
1171 3347 1334 3434 obligatus
1352 3351 1392 3409 eat

215 3452 353 3534 petatur.

758 3636 860 3703 XVII.

518 3803 567 3862 DE
589 3804 866 3864 STIPULATIONE
889 3804 1100 3866 SERVORUM.

265 3961 384 4030 Servus
414 3984 453 4029 ex
483 3985 632 4050 personae
661 3965 781 4032 domini
810 3969 862 4032 ius
883 3967 1060 4054 stipulandi
1081 3968 1187 4034 habat.
1239 3967 1296 4032 sed
1317 3967 1388 4030 bere

221 4067 304 4132 ditas
337 4070 371 4132 in
404 4068 562 4155 plerisque
594 4092 742 4156 personae
777 4073 919 4139 defuncti
947 4075 1054 4142 vicem
1083 4076 1242 4142 sustinet:
1271 4073 1387 4157 ideoque
