2964 4596
473 76 556 126 rusr.
569 57 593 123 Ι.
618 77 707 126 xnrr.
731 57 902 145 §pa-13.
1199 53 1263 158 117

96 268 155 312 ιιι
181 266 275 312 sexus
298 248 522 314 verecundiam
546 249 754 337 egredientis,
779 250 833 314 sed
852 250 970 335 pietate
992 248 1179 333 productam
1203 268 1265 313 non

96 356 250 420 continere
281 357 432 420 iniuriam
462 355 676 442 pupillorum,
698 342 842 422 admittit
863 376 936 422 eam
959 356 998 421 ad
1021 356 1263 421 accusationem.

94 460 273 546 impuberes
303 483 366 526 non
394 468 525 547 possunt
556 467 675 528 tutores
707 483 779 528 suos
811 467 970 548 suspectos
1000 460 1175 548 postulare:
1205 480 1298 545 pus

95 567 180 632 bores
210 572 318 634 autem
341 574 499 634 curatores
523 590 595 634 suos
619 591 657 635 ex
681 569 811 640 oonsilio
835 571 1081 634 necessariorum
1106 573 1265 653 suspectos

95 679 223 759 possunt
247 695 394 762 arguere:
419 681 451 741 et
475 678 522 741 ita
545 675 613 741 divi
632 673 768 741 Severus
786 682 818 741 et
838 677 1016 758 Antoninus
1027 677 1263 760 rescripserunt.

95 777 264 865 Suspectus
290 789 337 846 ιιι
361 787 486 864 antem,
511 785 651 867 quinon
674 804 712 847 ex
735 781 797 847 fide
820 781 956 847 tutelam
979 783 1080 869 gerit,
1105 781 1180 846 licet
1202 779 1263 845 sol·
1286 804 1299 846 ι

94 886 273 952 vendot
226 893 290 971 est,
315 893 408 954 ιιιιι
431 887 573 953 Iulianus
596 910 720 975 quoque
743 891 879 973 scripsit.
926 889 1095 954 sedctan
1056 892 1143 964 ant,e
1169 907 1263 973 quam

94 994 225 1077 incipiat
255 994 664 1082 gereretututtuelamtutor,
687 1016 742 1080 pos
745 1016 777 1061 se
802 1017 877 1060 eum
900 997 991 1080 quasi
1014 1000 1196 1080 suspectum
1216 1014 1264 1059 re·

94 1102 216 1165 moveri
248 1100 334 1166 idem
361 1100 504 1166 Iulianus
532 1103 657 1187 scripsit
687 1108 719 1167 et
705 1102 917 1167 tseoundum
953 1123 1027 1166 eum
1054 1103 1154 1166 consti
1155 1105 1264 1165 tutum

93 1212 148 1269 est.
193 1203 365 1291 Suspectus
388 1213 496 1272 eutem
519 1213 675 1285 remotus,
701 1211 729 1273 si
753 1208 882 1295 quidem
906 1208 945 1273 ob
969 1208 1096 1282 dolum,
1122 1208 1298 1272 famosuss

92 1317 155 1376 est:
189 1314 217 1376 si
245 1312 284 1377 ob
312 1313 458 1399 culpam,
490 1303 552 1380 non
584 1335 692 1400 aeque.
736 1313 771 1380 Si
794 1317 864 1400 quis
888 1319 996 1379 autem
1020 1318 1182 1398 suspectus
1205 1332 1294 1397 por

91 1418 245 1495 stulatur‚
278 1419 380 1503 quoad
407 1423 546 1507 cognitio
570 1420 714 1497 liniatur,
736 1421 936 1486 interdicitur
960 1422 989 1485 ei
1013 1419 1259 1495 administratio,

32 1512 35 1522 ’
89 1529 125 1587 ιι
156 1523 332 1609 Papiniano
364 1529 472 1592 visum
510 1533 567 1592 est.
614 1526 677 1592 Sed
711 1530 739 1592 si
773 1529 910 1612 suspecti
946 1528 1085 1613 cognitio
1117 1529 1297 1610 susceptas

88 1631 186 1695 fuerit
216 1637 386 1718 posteaque
418 1638 505 1698 tutor
535 1632 588 1699 vel
618 1637 743 1698 curator
773 1633 958 1708 decesserit,
992 1634 1192 1718 extinguitur
1215 1650 1263 1695 co

89 1739 193 1824 gnitio
225 1741 374 1823 suspecti.
420 1738 456 1804 Si
487 1741 557 1825 quis
587 1745 674 1805 tutor
701 1742 826 1824 copiam
854 1742 904 1804 sui
926 1760 988 1804 non
1010 1739 1121 1814 faciat,
1146 1734 1296 1801 utalia
1396 1755 1398 1765 ¹

88 1849 199 1908 menta
227 1843 350 1930 pupillo
374 1845 541 1910 decernant
527 1850 597 1925 ι,ιιι
621 1852 710 1911 cavet
711 1867 749 1910 ur
771 1848 853 1931 epist
839 1844 907 1910 tula
930 1846 1077 1910 divorum
1102 1841 1211 1907 Severi
1231 1846 1263 1906 et

87 1949 255 2026 Antonini,
290 1953 363 2016 ιιιΙ
355 1974 389 2016 m
411 1955 638 2046 possessionem
661 1955 816 2018 bonorum
840 1955 908 2017 eius
930 1951 1072 2037 pupillus
1095 1951 1191 2042 mita
1173 1954 1260 2014 attur

87 2061 119 2120 ιι
154 2077 235 2142 quae
269 2078 357 2123 mora
390 2059 443 2123 det
430 2061 544 2123 teriora
577 2058 685 2123 sutura
720 2064 813 2134 sunt,
779 2058 920 2124 tdato
951 2063 1094 2122 curatore
1127 2054 1261 2120 distrahi

82 2156 244 2228 iubentur
292 2184 367 2251 ergo
393 2170 431 2229 ut
454 2170 579 2250 suspect
579 2186 617 2230 us
639 2167 796 2231 removeri
814 2170 869 2251 pot
870 2167 948 2240 erit,
971 2166 1026 2248 qui
1045 2184 1107 2228 non
1123 2165 1262 2247 praestat

10 2259 13 2267 Δ
88 2268 252 2336 alimenta.
300 2269 362 2335 Sed
386 2273 414 2334 si
436 2273 507 2355 quis
529 2291 674 2356 praesens
690 2277 787 2359 negat
805 2277 897 2356 propt
899 2292 932 2336 ιι
948 2272 1088 2355 inopiam
1107 2269 1260 2354 alimenta
1282 2287 1307 2331 ro

85 2395 176 2459 posse
205 2376 348 2454 decomi,
373 2380 402 2441 si
423 2377 482 2442 hoc
505 2399 561 2462 per
582 2378 786 2443 mendacium
809 2378 908 2454 dicat,
934 2379 1043 2441 remit
1016 2376 1163 2441 ttendum
1186 2394 1261 2495 eum

89 2503 156 2546 esse
180 2483 220 2547 ad
243 2484 380 2569 praefeci
381 2504 437 2547 um
460 2485 548 2548 urbis
571 2484 768 2569 puniendum
790 2483 912 2569 placuit
919 2533 926 2560 ‚
950 2486 1034 2547 siout
1020 2481 1108 2547 tillo
1126 2481 1249 2544 remit
1249 2516 1263 2527 ·

86 2593 158 2673 tur,
190 2591 247 2673 qui
273 2590 347 2654 data
376 2593 510 2675 pecunia
538 2594 754 2657 ministerium
777 2590 896 2656 tutelae
918 2589 1061 2655 redemit.
1110 2586 1258 2650 Libertus
1281 2605 1304 2648 rr

84 2715 229 2779 quoque,
259 2698 287 2760 si
315 2695 531 2762 fraudulenter
557 2699 690 2784 gessisse
713 2695 848 2762 tutelam
872 2695 1011 2761 filiorum
1034 2692 1087 2759 vel
1108 2696 1261 2776 nepotum

83 2804 213 2886 patroni
247 2803 413 2887 probetur,
449 2803 488 2867 ad
523 2804 717 2888 praefectum.
748 2803 837 2868 urbis
865 2804 1041 2868 remittitur
1070 2797 1259 2884 puniendus.

85 2907 272 2973 Novissime
294 2909 458 2974 sciendum
481 2915 529 2975 ιιι
552 2931 620 2987 eos,
642 2913 698 2994 qui
709 2908 925 2975 fraudulenter
937 2907 1072 2973 tutelam
1084 2902 1136 2971 vel
1148 2924 1258 2968 curam
1281 2924 1307 2967 ιι

86 3015 329 3091 administrant,
362 3018 488 3080 etiamsi
511 3021 587 3082 satis
607 3017 750 3093 offerant,
774 3015 980 3081 removendos
1003 3034 1021 3076 a
1043 3011 1162 3094 tutela,
1187 3008 1262 3095 quia

86 3121 253 3185 satisdatio
275 3124 472 3206 propositum
489 3126 604 3187 tutoris
622 3122 818 3188 malevolum
838 3143 900 3187 non
917 3124 1040 3195 mutat,
1062 3117 1116 3183 sed
1139 3117 1260 3180 diutius

83 3226 252 3313 grassandi
274 3229 309 3291 in
331 3248 365 3291 ιι
388 3227 540 3292 familiari
563 3227 749 3293 facultatem
772 3231 920 3313 praestat.
957 3223 1147 3310 Suspectum
1171 3224 1257 3287 enim
1281 3242 1306 3287 ιι

84 3353 161 3398 eum
194 3337 362 3416 putamus,
396 3335 452 3417 qui
480 3334 621 3398 moribus
644 3333 718 3398 talis
742 3339 806 3407 est,
830 3338 867 3397 ut
891 3337 1055 3417 suspectus
1078 3333 1136 3394 sit:
1161 3331 1260 3393 enim-

83 3459 160 3504 vero
190 3443 276 3504 tutor
307 3437 359 3503 vel
390 3445 531 3511 curator,
558 3443 705 3526 quamvis
735 3461 853 3526 pauper
884 3445 947 3514 ιιι,
972 3436 1075 3504 fidelis
1098 3440 1206 3502 tamen
1229 3438 1261 3500 et

85 3545 243 3633 diligens,
268 3547 476 3612 removendus
499 3568 562 3612 non
585 3551 632 3612 est
655 3550 745 3631 quasi
768 3551 940 3632 suspectus.

552 3875 793 3886 ——-—.-.........
