2890 4616
244 40 310 112 352
611 61 695 111 rusr.
719 41 774 128 lv,
799 61 842 129 rr,
867 39 904 130 §t
925 39 1069 110 24-27.

217 249 219 255 ‘
246 242 346 304 tatem
368 239 404 302 in
424 235 535 303 libello
559 237 776 302 conventionis
799 234 948 313 inseruit,
970 237 1008 299 ut
1031 253 1071 298 ex
1092 233 1154 299 hac
1174 253 1263 298 causa
1279 236 1378 319 doure,

244 345 279 411 id
304 351 352 411 est
374 350 572 412 exsecutores
592 341 718 420 litium,
746 341 934 428 ampliorem
958 361 1120 406 summam
1144 339 1335 426 sportularum
1347 363 1378 408 uc

246 455 334 518 mine
352 453 533 540 exegerint:
555 456 631 514 tunc
649 451 735 513 enim
756 447 839 533 quod
858 451 986 532 propter
1004 467 1115 512 eorum
1135 467 1261 513 causam
1275 448 1380 512 danum

247 581 358 646 passus
380 560 477 624 fuerit
499 576 588 631 reus,
612 556 645 619 id
669 553 803 640 triplum
827 553 866 618 ab
890 560 994 618 actore
1017 559 1241 638 consequetur,
1263 558 1295 618 ut
1309 557 1334 618 in
1347 554 1381 620 loc

247 666 343 751 triplo
375 671 408 730 ct
439 662 610 748 simplum,
635 664 756 746 inquo
780 661 933 726 damnum
956 681 1067 745 passus
1090 665 1155 746 est,
1179 667 1382 726 connumeretn.

248 772 333 858 quod
359 776 466 838 nostra
494 770 680 836 constitutio
707 767 848 844 induxit,
881 788 961 853 quae
988 770 1022 832 in
1051 773 1158 834 nostro
1186 767 1287 833 codice
1305 767 1382 854 fulget,

250 900 288 943 ex
319 899 381 963 qua
412 877 508 942 dubio
539 873 650 960 procul
673 878 721 937 est
744 872 877 960 exlege
901 875 1122 940 condictitiam
1146 894 1295 938 emanare.
1332 873 1402 952 Quas

248 985 355 1072 drupli
386 984 488 1052 veluti
518 983 598 1047 furti
628 980 805 1063 manifesti,
834 983 914 1045 item
946 980 983 1046 de
1014 1001 1069 1064 eo,
1098 981 1181 1065 quod
1211 984 1309 1046 metus
1327 1001 1384 1044 causa
1414 1062 1415 1067 ἵ

251 1092 374 1155 factum
403 1090 459 1171 sit,
490 1088 590 1170 deque
613 1107 650 1152 ea
672 1088 822 1172 pecunia,
848 1108 928 1171 quae
950 1089 985 1152 in
1007 1087 1067 1153 hoc
1089 1088 1163 1154 data
1186 1089 1245 1163 sit,
1269 1091 1302 1150 ut
1319 1088 1341 1150 is
1356 1089 1384 1148 cri

29 1247 30 1250 ,
145 1287 147 1290 Ι
248 1198 342 1263 datur
373 1195 548 1261 calumniae
571 1214 664 1259 causa
687 1195 855 1279 negotium
879 1192 977 1266 alicui
999 1193 1115 1260 faceret
1139 1193 1190 1260 vel
1214 1215 1274 1258 non
1294 1193 1384 1257 faceat:

246 1304 326 1367 item
359 1324 397 1367 ex
427 1301 500 1388 lege
527 1299 714 1365 condictitia
738 1305 884 1365 anostra
908 1302 1133 1366 constitutione
1157 1303 1275 1383 oritur,
1295 1302 1323 1364 in
1340 1319 1384 1384 qn·

248 1407 400 1495 druplum
432 1406 726 1473 condemnationem
760 1408 926 1490 imponens
961 1407 1011 1470 his
1040 1407 1274 1472 exsecutoribus
1300 1407 1385 1478 litium

249 1519 305 1600 qui
331 1520 438 1580 contra
459 1518 583 1578 nostrae
606 1514 843 1579 constitutionis
866 1533 1011 1579 normam
1036 1535 1055 1579 a
1076 1516 1138 1579 reis
1162 1514 1326 1599 quidquam
1344 1531 1386 1575 ere-

248 1624 364 1710 gerint.
411 1619 474 1684 Sed
504 1620 583 1683 furti
606 1620 736 1704 quidem
759 1641 816 1685 nec
839 1621 1001 1685 manifesti
1025 1623 1107 1686 actio
1130 1626 1161 1686 et
1185 1623 1269 1687 servi
1290 1620 1404 1701 corruptis

249 1749 267 1792 a
292 1729 435 1803 caeteris,
463 1726 501 1790 de
524 1725 640 1809 quibus
663 1725 759 1790 simul
787 1725 887 1792 locuti
911 1746 1038 1804 sumus,
1065 1747 1101 1791 co
1123 1725 1339 1810 differt,„quod
1355 1724 1387 1788 ha

252 1836 391 1899 actiones
421 1832 605 1897 omnimodo
636 1830 727 1915 dupli
750 1834 825 1895 sunt
832 1852 840 1909 ;
866 1837 899 1896 at
923 1820 1016 1916 illae,
1040 1833 1075 1898 id
1099 1839 1146 1898 est
1169 1832 1277 1898 damni
1297 1831 1388 1896 iniurius

248 1962 287 2006 ex
316 1939 388 2026 lege
419 1937 549 2023 Aquilia
581 1940 613 2002 et
636 1937 798 2003 interdum
823 1936 976 2023 depositi,
1000 1937 1190 2004 infitiatione
1215 1939 1388 2024 duplicantu,

247 2050 282 2111 in
305 2044 506 2112 confitentem
531 2050 640 2110 autem
663 2048 697 2110 in
722 2043 875 2130 simplum
901 2044 1032 2110 dantur:
1058 2044 1211 2130 sedilia,
1236 2065 1310 2130 quae
1326 2043 1389 2108 dehis

246 2154 419 2237 competit,
453 2172 533 2236 quae
564 2150 676 2216 relicta
702 2150 938 2217 venerabilibus
959 2150 1038 2217 locis
1061 2157 1149 2228 sunt,
1176 2172 1241 2217 non
1263 2151 1349 2218 solun
1364 2151 1389 2211 ir-

247 2258 403 2323 fitiationc
428 2256 624 2342 duplicatur,
650 2257 705 2322 sed
724 2262 756 2322 et
771 2259 799 2322 si
818 2255 979 2323 distulerit
998 2255 1103 2322 relicti
1114 2258 1315 2335 solutionem,
1326 2275 1389 2340 usque

245 2385 308 2450 quo
340 2365 429 2429 iussu
452 2366 702 2452 magistratuum
724 2368 905 2430 nostrorum
929 2366 1152 2448 conveniatur,
1175 2367 1210 2430 in
1233 2363 1388 2430 confitenter

246 2491 321 2536 vero
357 2474 389 2536 et
424 2474 593 2555 antequam
627 2473 717 2535 iussu
748 2472 999 2558 magistratuum
1031 2473 1237 2539 conueniatur
1260 2471 1389 2538 solventur

246 2576 356 2664 simpli
385 2577 538 2643 redditur.
585 2575 668 2642 Item
697 2581 779 2643 actio
810 2577 849 2643 dc
881 2597 935 2656 co,
961 2578 1045 2664 quod
1067 2583 1173 2644 metus
1197 2599 1291 2644 causa
1309 2578 1406 2641 faciunt

247 2687 307 2761 sit,
333 2705 352 2749 a
374 2685 523 2766 caeteris,
548 2683 725 2768 dequibus
749 2683 847 2749 simul
870 2683 970 2750 locuti
993 2705 1121 2770 sumus,
1146 2705 1182 2750 eo
1207 2683 1321 2758 difien,
1338 2677 1389 2765 quod

246 2793 313 2856 eius
344 2794 458 2856 nature
488 2791 584 2855 tacite
613 2793 808 2868 continetur,
834 2795 887 2874 ut,
914 2793 970 2876 qui
992 2792 1116 2857 iudicis
1129 2793 1221 2858 iussu
1243 2793 1334 2875 ipsum
1350 2805 1389 2850 ren

247 2899 346 2963 actori
368 2898 533 2978 restituat,
559 2896 750 2966 absolvatur.
798 2899 882 2983 quod
905 2899 940 2962 in
958 2901 1089 2964 caeteris
1106 2891 1387 2964 casibusnonituest

249 3003 304 3068 sod
333 3002 516 3069 omnimodo
548 3003 679 3087 quisque
709 3005 744 3067 in
771 3002 986 3090 quadruplum
1010 3005 1257 3083 condemnatur,
1279 2999 1346 3088 quod
1362 3003 1387 3061 est

247 3115 279 3176 et
303 3113 336 3174 in
359 3111 438 3176 furti
460 3109 621 3174 manifesti
645 3111 779 3175 actione.
