2964 4596
455 149 464 170 Ι
516 59 829 148 ‹inrisam-47.
1222 61 1263 128 41

10 254 78 340 543)
133 249 313 340 (laeterpun
337 254 491 339 ips]amm
511 255 609 318 etiam
629 273 739 318 earum
758 273 867 318 rerum
885 255 1036 339 usucapio
1056 254 1147 318 nobis
1167 273 1251 318 com·
1275 273 1301 316 aa
1324 250 1367 316 64

84 356 215 445 petit1),
246 379 325 444 quac
354 379 418 424 nou
449 379 468 423 a
496 359 626 424 domino
651 361 743 424 nobis
766 359 902 426 traditae
925 359 1062 437 tuerint,
1087 361 1155 424 sive
1177 378 1251 422 man
1278 378 1303 423 sa
1329 343 1401 427 W)
1462 363 1464 368 ’

84 467 149 550 cipi
179 468 244 530 sint
274 486 328 530 eae
358 485 424 543 res,
456 467 524 531 sive
547 485 604 530 nec
627 467 785 550 mancipi,
809 467 837 530 si
862 466 956 531 modo
981 465 1059 552 ea[a]
1087 466 1168 529 bona
1191 457 1301 539 fildeso

82 574 315 656 acceperimus,
347 591 421 636 cum
453 565 669 647 crederemus,
697 591 789 650 eum,
821 572 876 654 qui
903 553 1070 655 traldaret,
1094 571 1348 652 dominumque

19 677 72 757 44)
83 697 151 742 esse
157 697 166 754 ;
199 675 282 762 quod
310 661 389 741 ideo⁴
403 682 567 762 receptum
590 677 736 754 videtur,
759 697 800 740 ne
821 677 826 760 Ι
846 696 954 742 rerum
977 677 1119 742 dominia
1142 675 1303 740 diutiusaa

82 785 118 847 in
149 785 268 847 incerto
299 787 420 866 essent,
445 803 520 846 cum
543 778 714 872 sullficeret
737 782 865 847 domino
889 781 930 848 ad
953 783 1175 867 inquirendam
1195 801 1302 846 remu

83 909 178 953 suam
209 890 283 953 anni
306 893 361 953 aut
375 889 392 972 ΙΙ
405 887 513 952 bienni
535 889 695 972 spatium,
719 887 803 972 quod
827 892 955 972 tempus
979 889 1019 954 ad
1042 890 1269 973 usucapionem
1327 886 1370 952 65

83 997 256 1080 possessori
279 979 451 1073 tribulium
475 993 559 1079 estl
1134 1037 1136 1041 ,
1280 1014 1295 1058 s
1335 979 1404 1066 85Ρῇ)

18 1099 72 1181 45)
130 1097 195 1165 Sed
226 1099 396 1184 aliquando
426 1101 554 1165 etiamsi
580 1101 721 1164 maxima
745 1101 816 1184 quis
839 1099 921 1166 bona
944 1099 1006 1165 lide
1029 1097 1178 1189 alilenam
1196 1119 1326 1183 remae

81 1206 262 1292 possideat,
287 1225 350 1270 non
373 1203 481 1271 tamen
503 1204 555 1271 illi
574 1208 726 1290 usucapio
746 1206 904 1290 procedit,
929 1197 1048 1287 vellut,
1073 1207 1102 1269 si
1125 1206 1181 1289 qui
1199 1224 1293 1271 rems

81 1311 239 1378 firrtivam
263 1317 319 1376 aut
341 1315 376 1377 vi
399 1331 575 1397 possessam
598 1313 777 1397 possideat;
798 1333 875 1377 nam
896 1311 1050 1378 furtivam
1062 1311 1115 1377 lex
1126 1311 1190 1376 XII
1202 1311 1294 1376 tabe

16 1418 219 1503 46)usucapi
252 1419 416 1503 prohibet,
453 1419 488 1482 vi
522 1413 708 1502 poslseesam
740 1417 793 1482 lex
823 1417 906 1482 Iulia
937 1422 969 1483 et
997 1417 1137 1483 Plautia.
1185 1417 1293 1482 ltemr

17 1523 73 1606 47)
83 1523 297 1610 provincialia
316 1520 457 1610 praeldia
475 1524 700 1607 usucapionem
718 1543 782 1588 non
793 1525 961 1609 recipiunt.
997 1523 1085 1606 [Item
1097 1531 1167 1587 cate
1179 1525 1293 1604 lcpema

86 1630 265 1707 madiam,
289 1631 318 1692 si
341 1630 439 1714 aaut]
455 1628 481 1715 ²)
506 1650 555 1694 res
577 1627 741 1706 mulieris,
766 1649 845 1714 quae
869 1631 903 1693 in
922 1625 1146 1717 adlgnatorum
1166 1627 1293 1694 tutelas

83 1743 171 1813 erat,
204 1757 254 1800 res
282 1737 437 1821 mancipi,
468 1736 601 1820 usucapi
631 1753 693 1798 non
723 1739 884 1820 poterant,
907 1735 1153 1821 {praeterquam
1175 1737 1204 1799 si
1227 1734 1305 1800 ablu

80 1844 173 1928 ipsa,
197 1847 302 1907 tutore
326 1843 484 1927 [cactorc],
509 1841 644 1905 traditae
668 1845 788 1918 essent;
814 1845 846 1906 et
869 1842 916 1904 ita
937 1835 1181 1928 lelgelXIltah.
1194 1861 1302 1906 cau-n

80 2082 289 2096 .--·—-——

117 2206 148 2272 ¹*)
167 2203 202 2258 ol.
221 2221 249 2273 p.
270 2203 305 2256 23
324 2204 421 2258 notam
441 2203 484 2273 **)
582 2205 585 2214 “

119 2295 150 2366 1)
169 2291 321 2362 Postquam
348 2291 448 2358 Gaius,
475 2291 542 2361 quid
565 2290 715 2346 interesset
740 2289 815 2344 inter
833 2306 877 2345 res
895 2289 1019 2361 mancipi
1037 2292 1067 2345 et
1085 2307 1136 2347 neo
1154 2291 1277 2363 mancipi

48 2447 50 2452 ¹
77 2383 204 2449 docuit,
223 2383 311 2454 (quod
339 2381 486 2437 discrimen
513 2381 556 2436 ita
584 2381 697 2436 demum
721 2378 851 2450 intellegi
869 2379 979 2451 potuit,
999 2379 1022 2434 si
1041 2380 1123 2434 simul
1144 2381 1179 2436 de
1195 2381 1277 2436 modo

76 2473 223 2530 alienandi
252 2489 296 2528 res
323 2471 446 2544 mancipi
471 2470 626 2540 disseruit‚)
657 2469 822 2540 addiditque
851 2469 989 2550 quomodo
1019 2486 1062 2524 res
1090 2470 1277 2541 incorporales

76 2564 315 2629 transferrentur,
340 2564 434 2618 totum
459 2561 512 2618 hoc
535 2565 622 2632 caput
640 2560 675 2615 de
693 2577 786 2615 rerum
805 2557 939 2615 divisione
959 2558 1104 2615 concludit
1122 2559 1276 2625 monendo,

77 2653 188 2724 duplex
213 2669 272 2707 csse
295 2652 371 2722 apud
395 2653 476 2707 Rom.
502 2650 669 2706 dominium:
692 2649 797 2704 iustum
818 2648 985 2714 dominium,
1004 2651 1034 2704 et
1051 2648 1097 2716 id,
1116 2650 1192 2720 quod
1210 2648 1278 2705 dici·

77 2747 130 2799 tur
154 2743 185 2798 in
210 2743 290 2798 bonis
315 2740 422 2797 haberi.
450 2741 536 2796 Cuius
562 2740 602 2795 rei
627 2739 787 2810 exemplum
813 2737 907 2805 addit,
935 2739 959 2793 si
982 2737 1044 2808 quis
1067 2756 1084 2793 a
1104 2739 1216 2794 domino
1236 2756 1279 2793 res

76 2833 204 2904 mancipi
223 2850 280 2888 non
298 2831 425 2904 legitimo
445 2831 527 2888 modo
546 2830 696 2902 acceperit;
716 2832 778 2885 tum
798 2829 871 2885 enim
890 2828 1089 2885 alienationem
1109 2846 1144 2884 cx
1161 2829 1222 2884 iure
1240 2830 1278 2884 ci-

77 2923 135 2978 vili
168 2923 278 2977 nnllam
308 2938 381 2987 esse,
410 2926 456 2989 et,
485 2920 534 2991 qui
561 2920 723 2987 tradiderit,
753 2920 897 2976 dominum
922 2937 957 2975 ex
982 2919 1043 2975 iure
1068 2918 1145 2976 civili
1169 2927 1295 2990 parmae·

76 3030 164 3080 nere,
189 3014 276 3068 donce
294 3012 332 3079 is,
354 3011 404 3082 qui
424 3011 578 3082 acceperit,
600 3028 652 3065 usu
672 3011 788 3080 capione
810 3009 963 3066 dominium
981 3009 1088 3064 iustum
1110 3007 1280 3075 obtinuerit,

76 3105 197 3160 interim
223 3121 287 3158 eum
310 3103 384 3158 hanc
406 3119 466 3158 rem
487 3101 518 3156 in
543 3100 623 3157 bonis
646 3100 757 3155 habere.
784 3102 813 3170 (fi
825 3101 873 3172 41)
899 3099 1060 3170 Sequuntur
1082 3099 1182 3165 verba,
1208 3114 1280 3168 quae

75 3213 132 3251 nos
161 3193 311 3266 glossatori
338 3191 489 3248 tribuimus
518 3191 616 3263 (542),
643 3193 726 3261 (quse
751 3190 774 3245 si
800 3189 869 3246 Gaio
887 3190 942 3261 ipsi
959 3191 1067 3246 tribuas
1087 3191 1162 3244 certe
1181 3189 1280 3243 misere

78 3285 218 3341 mendosa
236 3279 295 3340 es'se
313 3283 395 3339 facile
415 3281 578 3349 concedas,)
597 3280 699 3351 quibus
718 3291 816 3352 tempos
834 3280 1009 3351 usucapionis
1018 3278 1124 3334 finitur.
1153 3280 1280 3334 Der-ebus

77 3386 185 3440 cutem,
211 3393 322 3446 pacorum
341 3375 466 3445 usucapio
485 3373 558 3426 nobie
577 3381 742 3442 competeret,
760 3388 817 3426 non
836 3370 909 3442 egit:
930 3371 979 3440 qui
997 3369 1086 3441 igitur
1104 3368 1279 3434 conveniret,

78 3469 117 3522 ut
142 3470 287 3537 pergeret:
313 3464 492 3520 Caeteramm
512 3461 621 3532 (velut
640 3460 702 3515 edd.
724 3460 876 3530 praebent:
898 3460 1066 3531 »Caeteruml
1086 3460 1173 3514 etiam
1191 3477 1282 3514 eorum

75 3575 171 3612 rerum
196 3553 330 3625 usucapio
358 3553 438 3609 nobis
464 3551 602 3623 competit?
626 3550 661 3605 cf.
685 3567 779 3621 porro,
804 3567 877 3620 quae
902 3549 960 3603 dixi
984 3548 1021 3602 ad
1045 3567 1074 3619 p.
1095 3549 1140 3602 53.
1178 3545 1281 3613 Quodsi

77 3662 194 3701 meeum
220 3647 342 3710 statuas,
366 3642 465 3699 folium
492 3639 640 3710 archetypi
665 3638 840 3710 deperditum
866 3638 968 3706 muse,
987 3641 1017 3694 et
1035 3637 1137 3694 Gaium
1155 3637 1281 3708 proxime

76 3735 223 3791 antehoc
242 3733 459 3789 »Caeteraruffl
475 3731 562 3804 egisse
582 3729 616 3785 de
637 3729 792 3784 »fiucffibus
811 3728 839 3784 b.
859 3729 878 3785 l.
897 3728 1064 3800 perceptis'',
1083 3744 1140 3783 non
1158 3743 1280 3794 meuses,

77 3823 234 3895 quominus
252 3822 477 3879 emendationem
497 3820 678 3892 »Gaemqum
697 3819 854 3891 ips]arum”
873 3820 987 3890 probes,
1007 3817 1112 3890 quippe
1130 3817 1188 3872 iam
1207 3815 1280 3872 ordi·

77 3931 151 3971 nem
169 3913 236 3968 libri
254 3913 433 3985 perspicuum
451 3928 510 3968 esse
529 3911 633 3967 videas.

120 4007 149 4076 *)
169 4003 294 4076 »Pagina
312 4002 433 4060 exterior
450 4019 506 4058 non
525 4001 608 4058 facile
626 4000 758 4073 legitur”.

121 4093 151 4166 2)
170 4093 259 4149 Periit
277 4110 373 4150 versus
391 4091 552 4162 archetypi:
572 4094 602 4148 st.
622 4093 667 4148 ite
685 4091 705 4146 l.
726 4089 856 4158 Claudii,
875 4088 899 4145 si
917 4089 977 4146 ertit
994 4087 1030 4144 cf.
1049 4088 1071 4143 Ι.
1092 4087 1185 4157 elul.
