2880 4614
212 49 279 116 040
307 49 309 54 ·
461 67 545 118 000.
568 49 627 117 ur.
650 11 793 138 00000
816 48 915 116 0-4.
939 71 993 118 xv.
1018 71 1066 138 pr.
1090 47 1151 136 00.

211 233 356 308 tenearis.
403 241 603 308 commodata
634 246 742 308 autern
774 263 824 308 000
853 248 929 308 tuno
960 244 1084 331 proprie
1113 241 1330 328 intellegitur,
1363 239 1388 300 si

210 347 301 415 nulla
328 349 473 414 mercede
504 353 632 434 accepta
663 348 716 413 vel
738 351 912 414 constituta
935 371 985 415 res
1008 343 1069 414 tibi
1093 349 1212 414 utenda
1237 348 1313 412 data
1336 355 1389 412 001.

210 454 351 540 alioquin
384 455 530 520 mercede
563 457 792 520 interveniente
827 455 950 520 locatus
982 457 1042 520 tibi
1074 476 1150 520 usus
1172 457 1218 518 rei
1241 453 1389 519 ridetur:

208 563 389 648 gratuitum
413 563 499 626 enim
523 561 616 626 debet
639 582 705 626 esse
728 561 974 626 commodatum.
1010 560 1177 626 Praeterea
1195 564 1227 624 01
1246 562 1294 642 10,
1308 559 1405 642 00010

208 687 304 751 quem
326 688 375 732 res
398 667 506 751 aliqua
528 667 713 751 deponitur,
737 688 771 733 re
794 666 956 755 obligatur
975 673 1007 732 01
1027 670 1149 731 actione
1169 667 1324 750 depositi,
1342 668 1392 748 qui

208 783 241 837 et
269 775 336 858 ipse
365 773 404 838 de
435 793 471 838 00
497 794 531 838 re
562 793 659 858 quam
683 775 805 858 accepit
825 772 1020 838 restituenda
1042 778 1178 837 tenetur.
1224 771 1281 836 sed
1305 774 1336 834 is
1359 791 1393 834 er

208 899 245 943 00
280 877 346 945 0010
380 883 523 956 tenetur,
554 881 583 943 si
613 878 690 964 quid
721 878 793 945 dolo
825 880 1037 954 commiserit,
1069 878 1180 964 culpae
1203 883 1319 942 autem
1343 897 1393 940 no-

207 987 314 1063 mine,
342 986 376 1050 id
408 991 457 1050 est
488 985 626 1050 desidiae
649 989 744 1069 atque
766 983 1004 1072 neglegentiae,
1029 1005 1092 1048 non
1114 988 1257 1049 tenetur:
1283 985 1393 1066 itaque

207 1111 335 1156 securus
359 1097 424 1175 001,
447 1093 503 1177 qui
526 1112 639 1177 parum
664 1091 834 1178 diligenter
858 1091 1049 1156 custoditam
1069 1111 1139 1155 rem
1158 1091 1242 1154 turtc
1262 1090 1393 1164 amisit,

210 1199 302 1281 quia,
335 1199 390 1282 qui
420 1196 606 1284 neglegenti
629 1199 732 1262 amico
755 1217 823 1264 rern
848 1197 1087 1263 custodiendam
1110 1197 1224 1279 tradit,
1248 1215 1332 1259 suae
1356 1195 1395 1258 fn-

208 1303 325 1369 cilitati
354 1304 388 1369 id
419 1305 579 1388 imputare
602 1302 706 1368 debet.
756 1300 901 1369 Creditor
924 1323 1061 1388 quoque,
1088 1305 1144 1387 qui
1163 1303 1285 1389 pignus
1313 1322 1409 1366 acce-t

207 1412 274 1495 pit,
308 1431 342 1475 re
376 1409 554 1496 obligatur,
590 1412 645 1496 qui
680 1415 712 1476 01
745 1412 813 1496 1000
844 1410 882 1475 de
913 1431 950 1476 00
981 1412 1050 1495 1000
1075 1429 1109 1473 00
1138 1428 1234 1493 quam
1266 1408 1393 1491 accepit

208 1515 402 1581 restituenda
425 1520 551 1581 tenetur
570 1518 692 1582 actione
713 1519 933 1604 pignoraticia.
969 1517 1024 1581 sed
1042 1518 1117 1601 quia
1136 1518 1254 1602 pignus
1276 1517 1395 1579 utrius-

209 1644 270 1708 que
297 1625 403 1711 gratia
433 1623 543 1701 datur,
576 1628 608 1688 01
638 1623 807 1707 debitoris,
832 1643 894 1708 quo
918 1625 1023 1710 magis
1046 1623 1076 1686 ei
1096 1623 1230 1708 pecunia
1254 1621 1396 1686 credere

209 1734 280 1813 tur,
312 1734 344 1794 et
372 1729 553 1807 creditoris,
585 1749 647 1814 quo
670 1732 776 1816 magis
800 1731 830 1794 ei
852 1731 887 1793 in
910 1734 981 1794 1010
1005 1731 1047 1793 011
1071 1729 1245 1805 creditum,
1272 1727 1396 1812 placuit

210 1835 368 1920 sufficere,
398 1835 482 1922 quod
511 1837 551 1901 ad
575 1856 646 1902 eam
669 1857 737 1900 rem
759 1834 996 1901 custodiendam
1022 1840 1164 1900 exactam
1188 1833 1396 1921 diligentiam

210 1941 390 2008 adhiberet:
427 1963 524 2027 quam
559 1944 586 2006 si
617 1941 812 2027 praestiterit
846 1947 878 2006 et
913 1941 1020 2027 aliquo
1051 1940 1187 2006 fortuitu
1218 1961 1299 2006 casu
1335 1963 1395 2006 rem

113 2098 116 2105 .
206 2047 364 2123 amiserit,
388 2069 534 2113 securum
558 2069 626 2114 esse
647 2069 704 2114 nec
727 2048 878 2133 impediri
901 2049 1057 2113 creditum
1081 2051 1197 2131 petere.

672 2189 677 2197 ’
764 2231 835 2300 xv.

502 2405 553 2464 DE
577 2401 780 2466 VERBORUM
801 2401 1073 2464 OBLIGATIONE.

169 2617 173 2624 .
226 2589 229 2595 ·
257 2565 369 2634 Verbis
404 2566 559 2654 obligatio
589 2566 786 2632 contrahitur
817 2589 856 2632 ex
888 2570 1133 2655 interrogatione
1165 2572 1197 2631 et
1230 2585 1397 2652 responsu,

212 2697 284 2740 cum
318 2674 395 2760 quid
423 2673 493 2739 dari
515 2672 624 2739 fierive
646 2674 737 2740 nobis
759 2673 963 2758 stipulamur.
1010 2695 1049 2738 ex
1072 2694 1135 2758 qua
1157 2673 1240 2738 duae
1263 2672 1397 2758 proficis

213 2786 328 2845 cuntur
359 2781 517 2854 actiones,
547 2785 615 2844 tam
648 2780 822 2864 condicti0,
855 2783 883 2845 01
913 2786 999 2846 00010
1030 2785 1072 2845 011
1094 2779 1280 2864 stipulatio,
1308 2799 1396 2864 quarn

213 2908 251 2951 ex
280 2885 455 2979 stipulatu,
488 2887 516 2949 si
547 2886 676 2950 incerta.
723 2906 803 2972 quae
834 2885 894 2951 hoo
923 2888 1052 2950 nomine
1081 2885 1306 2964 indomitur,
1332 2887 1395 2969 quia

211 2991 366 3078 stipulum
391 2991 478 3078 apud¹
496 2996 619 3058 veteres
642 2989 772 3056 firmum
797 2991 1035 3076 appellabatur,
1060 2992 1141 3056 forte
1168 3012 1187 3056 a
1214 2993 1329 3076 stipite
1353 2991 1393 3052 de·

212 3099 373 3163 scandens.

257 3201 295 3267 In
325 3204 385 3268 hac
417 3224 451 3267 00
483 3203 562 3268 01100
594 3201 673 3269 10110
695 3204 792 3270 verba
815 3204 933 3269 tradita
954 3203 1101 3268 fuerunt:
1126 3199 1285 3288 spondes?
1311 3221 1405 3287 spon-t

211 3311 286 3388 deo;
310 3307 494 3395 promittis?
514 3311 683 3394 promitto;
705 3307 949 3395 fidepromittist
969 3306 1184 3394 fidepromitto
1194 3329 1203 3386 ;
1225 3304 1391 3374 fideiubes?

212 3415 384 3494 fideiubeo;
417 3412 528 3480 dabis?
557 3415 654 3495 dabo;
688 3412 805 3480 facies?
834 3394 961 3480 faciam.
1010 3419 1121 3479 utrum
1150 3420 1260 3480 autern
1285 3415 1390 3480 Latina

211 3545 252 3590 an
283 3520 403 3588 Graeca
433 3519 487 3587 vel
513 3542 575 3606 qua
598 3518 662 3587 0110
684 3521 797 3609 lingua
821 3520 987 3606 stipulatio
1009 3521 1223 3607 concipiatur,
1247 3521 1332 3585 nihil
1352 3521 1388 3584 in-

211 3635 324 3705 terest,
359 3627 482 3693 scilicet
513 3630 542 3692 si
572 3634 705 3713 uterque
736 3627 962 3713 stipulantium
992 3625 1194 3692 intellectum
1217 3625 1317 3692 huius
1338 3625 1387 3690 lin-

211 3756 294 3822 guae
328 3735 460 3799 habeat:
500 3753 557 3798 nec
587 3753 711 3798 necesse
747 3739 795 3798 001
829 3732 939 3799 eadem
974 3733 1087 3819 lingua
1120 3737 1297 3817 utrumque
1330 3733 1383 3804 uti,

213 3841 268 3906 sed
291 3840 408 3905 sufficit
432 3845 640 3927 congruenter
664 3838 704 3904 ad
723 3841 958 3926 interrogatum
978 3838 1164 3924 respondere
1170 3858 1179 3915 ;
1200 3840 1381 3923 quinetiam

212 3947 275 4012 duo
299 3944 413 4015 Graeci
436 3946 551 4012 Latina
573 3945 685 4032 lingua
709 3945 937 4032 obligationem
961 3944 1144 4010 contrahere
1166 3949 1312 4028 0000001.
