2964 4596
212 185 427 274 Singulorum
458 179 566 253 eu'tem
598 187 768 252 hominum
798 186 910 252 multis
939 187 1044 253 modis
1073 209 1124 253 res
1152 185 1251 252 fiunt:
1276 205 1389 271 qussi
1467 193 1468 202 ’

167 294 305 357 rundem
324 296 409 358 enim
432 314 541 359 rerum
560 294 738 358 dominium
758 295 972 360 nanciscimur
988 296 1059 358 iure
1077 293 1235 370 naturali,
1249 293 1351 378 quod,

167 401 249 464 sicut
280 399 441 475 diximus,
468 399 648 484 appelletur
670 401 721 464 ius
744 402 906 486 gentium,
932 399 1135 484 quarundum
1157 401 1227 463 iure
1252 396 1353 462 civili.

167 505 365 570 commodius
398 512 446 570 est
475 509 584 591 itaque
617 527 635 571 e
664 508 838 571 vetustiore
870 507 939 570 iure
970 507 1121 589 incipere.
1167 504 1274 588 pelam
1306 508 1355 568 eet

169 615 277 676 eutem
310 614 470 677 vetustius
503 633 570 677 esse
601 610 746 676 naturale
768 613 838 688 ius,
862 612 947 694 quod
970 631 1045 675 cum
1068 612 1136 695 ipso
1159 631 1274 696 genere
1296 611 1356 674 hu·

167 737 262 781 meno
288 738 396 782 rerum
419 723 533 782 nature
556 717 714 803 prodidit:
739 717 848 782 civilia
868 719 954 782 enim
979 719 1050 780 iure
1068 721 1145 782 tunc
1165 721 1353 800 coeperunt,

133 857 135 862 ,
167 843 242 886 cum
276 830 308 887 et
343 825 490 888 civitates
523 823 616 889 condi
647 829 680 888 et
710 825 920 910 magistratus
952 825 1052 887 creari
1082 827 1115 885 et
1147 821 1235 908 leges
1258 822 1356 886 scribi

71 985 74 990 .
168 933 344 1012 coeperunt.
1037 923 1039 928 ’

214 1034 310 1099 Ferae
344 1036 447 1121 igitur
481 1035 600 1099 bestiae
638 1039 669 1098 et
704 1033 850 1100 volucres
884 1040 916 1100 et
946 1037 1065 1119 pisces,
1096 1034 1131 1098 id
1162 1039 1211 1099 est
1241 1037 1350 1100 omnia
1363 1054 1390 1099 ss

169 1140 334 1218 animalia,
369 1161 448 1224 quae
479 1142 513 1204 in
545 1145 628 1204 terre
657 1142 741 1204 meri
773 1139 858 1205 caelo
885 1146 1072 1218 nascentur,
1096 1139 1289 1225 simulatque
1313 1139 1354 1205 eb

167 1244 274 1330 aliquo
300 1251 391 1330 capta
413 1245 547 1329 fuerint,
570 1248 639 1310 iure
662 1247 811 1330 gentium
839 1249 949 1310 statim
973 1245 1063 1311 illius
1087 1266 1153 1311 esse
1174 1248 1351 1331 incipiunt:

167 1352 251 1436 quod
281 1354 366 1415 enim
398 1356 471 1416 ente
493 1350 615 1418 nullius
637 1357 703 1433 est,
728 1351 762 1414 id
785 1351 925 1416 naturali
947 1354 1069 1416 ratione
1092 1355 1259 1437 occupanti
1277 1340 1355 1417 ¹con·

168 1457 299 1521 ceditur.
346 1457 413 1523 Nec
442 1461 588 1533 interest,
622 1455 703 1520 feras
733 1456 850 1522 bestias
881 1462 913 1522 et
935 1457 1080 1522 volucres
1102 1464 1214 1522 utrum
1238 1462 1271 1522 in
1294 1479 1353 1522 suo

133 1595 143 1637 i·
169 1561 266 1628 fundo
291 1566 424 1650 quisque
449 1566 571 1649 capiat,
597 1581 636 1628 en
659 1564 694 1626 in
718 1561 839 1626 alieno:
863 1561 956 1646 plene
979 1566 1035 1647 qui
1059 1566 1094 1628 in
1116 1565 1257 1629 alienum
1281 1565 1355 1628 fun·

134 1703 139 1740 i
161 1670 247 1747 ‚dum
268 1671 448 1756 ingreditur
467 1669 604 1736 venandi
624 1672 679 1734 sut
701 1668 879 1753 aucupandi
897 1667 1028 1755 gretie,
1043 1675 1147 1755 potest
1167 1671 1354 1754 adomim,

131 1805 139 1848 ι’,
170 1777 198 1840 si
231 1777 259 1839 is
294 1775 486 1860 providerit,
523 1773 684 1859 prohiberi
718 1795 757 1838 ne
790 1773 999 1860 ingredietur.
1052 1776 1208 1860 quidquid
1242 1781 1356 1841 autem

129 1916 141 1952 ρ
172 1901 279 1946 eorum
305 1885 443 1966 ceperis,
469 1901 504 1946 eo
527 1900 628 1963 usque
651 1885 746 1944 tuum
769 1899 836 1950 esse
858 1879 1072 1966 intellegitur,
1100 1880 1196 1948 donec
1219 1886 1276 1946 tua
1299 1903 1357 1946 cu-
