2964 4596
543 103 598 156 ssi
616 85 662 152 11.
688 83 882 171 ΙΙ25-30.
1256 89 1298 158 19

7 275 79 363 525)
114 276 192 342 dicit
199 297 207 354 ;
240 275 336 360 idque
357 277 363 361 Ι
382 275 465 364 legis
498 277 580 341 actio
610 279 753 341 vocatur.
768 272 794 360 1Ι
823 276 829 359 Ι
856 275 1051 360 Plerumque
1084 280 1194 342 tamen
1226 285 1258 343 et
1278 280 1284 363 Ι
1304 300 1340 366 rs,
1353 300 1379 346 ra

112 382 178 447 fere
204 403 329 465 semper
349 383 638 466 mancipationibus
657 383 799 466 utimur;
822 381 906 465 quod
926 383 1011 445 enim
1032 382 1038 465 Ι
1057 384 1121 467 ipsi
1141 403 1197 467 per
1216 405 1291 459 nos,
1304 406 1340 462 sc,
1354 407 1378 451 21

111 487 332 572 praesentibus
351 489 474 562 amicis,
495 509 589 574 agere
611 507 789 572 possumus,
810 486 959 574 hoclnon
970 488 1113 570 interest,
1124 490 1230 572 [aeque
1242 494 1298 574 eat]
1310 511 1336 556 ss

113 613 255 668 necesse,
275 614 349 657 cum
368 594 490 658 maiore
510 590 698 657 difficultate
720 593 805 676 apud
825 593 830 675 Ι
850 597 1029 678 praetorem
1048 598 1104 658 aut
1115 595 1200 678 apud
1211 617 1298 680 prae·
1310 619 1337 662 ss

5 694 80 780 526)
116 697 220 762 sidem
244 699 425 782 provinciae
457 718 560 784 agere.
607 697 698 777 Quod
730 700 758 762 si
789 707 902 795 nelque
934 701 1116 785 mancipata
1143 720 1244 784 neque
1266 704 1338 767 insi

113 804 184 867 iure
209 824 295 868 cessa
320 806 363 868 sit
383 824 433 868 res
455 803 615 888 mancipi,
628 805 645 878 ΙΙ
724 848 1304 874 ...........

1362 911 1405 978 60

1356 1005 1446 1088 κε’*Ι

115 1127 963 1196 †···············
1011 1168 1302 1188 ......
1329 1125 1440 1208 (1-n)

1362 1229 1404 1295 ol

1347 1320 1438 1408 mviii)

2 1435 85 1522 527)
118 1443 142 1514 †
154 1482 1302 1505 ·····················
1330 1442 1442 1525 (r-ra

2 1541 80 1629 528)
163 1543 378 1629 Incorporales
401 1544 607 1609 traditionem
630 1563 693 1608 non
716 1544 854 1627 recipere
877 1539 1097 1633 manife'stum
1120 1549 1178 1608 est.
1309 1568 1344 1625 rs,
1359 1567 1384 1613 rs

1 1647 80 1735 329)
167 1647 231 1714 seo
254 1651 326 1716 iura
347 1650 551 1735 praediorum
571 1650 765 1714 urbanorum
787 1651 822 1712 in
844 1649 914 1713 iure
938 1649 1018 1732 celdi
1038 1654 1187 1735 possunt,
1207 1651 1339 1718 rusti-ss

120 1775 231 1821 corum
254 1776 329 1821 vero
353 1757 452 1821 etiam
475 1756 651 1840 mancipari
671 1756 676 1839 Ι
697 1758 836 1838 possunt.
1313 1777 1340 1822 rc

1 1859 81 1946 ⁸330)
164 1860 373 1927 Ususfructus
401 1864 435 1926 in
466 1863 535 1927 iure
568 1862 740 1926 cessionem
772 1864 898 1924 tanturn
924 1860 1053 1945 recipit:
1077 1880 1153 1925 nam
1173 1861 1179 1945 Ι
1201 1861 1338 1928 domi-rr

119 1987 181 2031 nus
212 1968 415 2051 proprietatis
445 1965 503 2032 alii
532 1987 628 2032 usum
649 1966 792 2031 fructum
814 1967 849 2030 in
872 1967 941 2030 iure
965 1965 1073 2031 cedere
1096 1969 1202 2051 potest
1209 2013 1217 2044 ,
1239 1969 1245 2052 Ι
1265 1973 1303 2033 ut
1314 1988 1339 2034 ss

116 2072 177 2138 ille
196 2073 434 2139 usumfructum
453 2072 582 2151 habeat,
604 2076 636 2136 et
655 2073 723 2157 ipse
739 2071 860 2136 nudam
879 2061 1138 2157 prolprietat,em
1153 2062 1338 2138 retineatis

152 2363 182 2435 1)
202 2363 263 2438 (hoc
273 2363 332 2418 fieri
341 2365 436 2434 potest
445 2363 531 2419 etiam
541 2362 572 2416 in
581 2362 735 2433 protrinciis
746 2366 817 2434 aput
827 2343 923 2437 paidos
933 2367 1040 2436 earum)
1051 2365 1081 2420 Ο.
1089 2364 1163 2434 quod
1172 2365 1310 2436 glossema

110 2451 200 2508 etiam
220 2452 335 2507 damnat
354 2452 511 2519 Goudsmit3
526 2451 597 2507 mihi
612 2469 647 2506 ne
662 2469 760 2507 verum
776 2453 889 2521 quidem
903 2454 1028 2520 videtur,
1045 2454 1080 2509 cf.
1096 2455 1125 2508 h.
1140 2473 1205 2525 pag.
1220 2473 1246 2509 v.
1265 2453 1308 2507 12.

152 2542 176 2615 *Ι
198 2542 248 2596 »in
268 2559 331 2614 pag.
351 2542 502 2610 exteriore,
522 2559 606 2612 quae,
623 2559 658 2596 ne
674 2543 756 2598 novis
772 2542 902 2597 remediis
918 2543 1054 2597 adhibitis
1064 2561 1175 2613 prorsus
1185 2559 1308 2613 pessum·

111 2631 196 2686 detur
221 2632 303 2687 valde
327 2633 479 2688 verendum
506 2635 565 2699 est,
590 2634 701 2702 praeter
720 2631 803 2686 nimis
823 2632 944 2688 incertas
963 2633 1076 2688 umbras
1096 2633 1167 2687 nihil
1185 2631 1239 2686 nisi
1258 2631 1309 2686 has

110 2722 225 2777 litteras
251 2722 412 2792 dignoscere
435 2722 544 2793 potui”.
582 2721 704 2776 Exhibet
730 2724 825 2777 autern
850 2722 976 2778 Studem.
1002 2723 1032 2778 in
1055 2740 1155 2779 novem
1183 2720 1308 2777 versibus

111 2811 230 2867 diversis
249 2812 321 2866 circa
339 2813 375 2866 90
393 2812 505 2867 litteras
524 2829 593 2881 quas
606 2828 664 2882 ,ego
683 2811 777 2878 omisi,
797 2811 863 2881 quia
882 2812 954 2867 nihil
973 2829 1007 2868 ex
1026 2813 1060 2867 iis
1079 2813 1114 2868 de
1130 2812 1309 2884 argumente,

110 2901 189 2971 quod
208 2900 293 2956 Gaius
314 2903 464 2969 tractavit,
485 2901 625 2956 discimus.

151 2993 197 3062 **)
217 2992 302 3063 »Pag
319 2991 463 3047 exterioris
471 3008 536 3062 pars
546 2991 670 3061 superior
679 2993 794 3062 propter
802 2991 922 3047 nimium
932 2991 1085 3063 scripturae
1095 2991 1230 3060 pallorem
1241 2987 1309 3042 diffi-

111 3079 218 3135 cillime
233 3081 364 3152 legitur''.
383 3080 482 3136 Edidit
497 3097 605 3150 sparsas
615 3081 724 3136 litteras
735 3099 785 3151 per
794 3098 889 3137 versus
901 3083 936 3136 12
946 3083 1065 3153 priores,
1076 3079 1177 3150 quibus
1186 3078 1309 3150 primurn

111 3169 244 3224 docemur
264 3169 365 3231 Gaium
384 3170 473 3242 egisse
492 3169 526 3224 de
545 3186 633 3226 nexu:
653 3187 680 3226 v.
701 3171 732 3226 9:
753 3177 783 3223 ee
805 3171 855 3241 (ε
864 3173 935 3240 esse)
950 3169 1129 3242 provincialis
1145 3169 1198 3224 soli
1207 3185 1310 3223 nexum

113 3276 172 3314 non
191 3260 234 3349 e†
252 3267 256 3331 Ι
273 3261 504 3333 significationem
524 3261 614 3315 solum
642 3259 767 3350 nali&
794 3258 870 3353 iam
889 3261 1011 3350 mancipi
1031 3278 1046 3350 ⁰.
1065 3260 1123 3330 (vel
1143 3259 1220 3330 s?)**
1239 3255 1308 3328 pro-l

110 3370 232 3427 vinoiale
266 3390 323 3430 nec,
346 3372 470 3444 mancipi
496 3389 512 3463 e
543 3373 594 3442 (Ξ
612 3373 667 3444 est)
696 3357 759 3439 alit'
784 3376 834 3444 (z
853 3372 948 3445 aliter)
977 3373 1053 3427 enim
1081 3370 1170 3427 veteri
1197 3371 1308 3442 lingua,

111 3481 141 3555 al
154 3482 244 3555 [liter]
254 3485 346 3556 (i);-
374 3501 469 3540 versus
496 3485 539 3538 lar
564 3485 677 3540 litterae
696 3501 808 3554 prorsus
832 3484 956 3540 incertae
975 3485 1055 3550 sunt;
1079 3516 1105 3526 -
1133 3485 1195 3539 turn
1215 3484 1310 3537 autem

111 3589 196 3642 quam
223 3574 434 3629 restitutionem
454 3573 586 3629 Huschke
605 3572 709 3639 edidit,
729 3573 938 3628 restitutionem
956 3573 985 3628 in
1004 3575 1146 3644 integrum
1165 3589 1222 3626 non
1241 3585 1308 3627 esse.

80 3715 83 3720 .
112 3662 156 3716 Ea
173 3667 270 3717 tamen
290 3663 324 3719 V.
346 3663 387 3718 ol.
407 3662 580 3730 coniectura,
602 3661 703 3716 Gaium
721 3661 752 3716 in
768 3662 812 3717 his
829 3662 946 3734 paginis
953 3662 1105 3733 deperditis
1119 3663 1206 3718 etiarn
1222 3661 1310 3732 egisse

112 3751 151 3806 de
168 3751 228 3807 iure
248 3752 407 3808 commercii
425 3752 628 3809 verisimillima
650 3753 706 3819 est,
723 3751 807 3821 idque
825 3751 980 3823 »plenius'',
996 3755 1030 3809 ut
1045 3752 1119 3807 idem
1135 3752 1191 3817 ait,
1209 3767 1311 3820 squam

111 3839 179 3910 Ulp.
207 3842 251 3896 19.
278 3842 309 3909 4,
337 3843 381 3910 δ”,
408 3842 457 3897 uhi
475 3843 545 3898 haec
563 3840 694 3913 legimus:
716 3841 904 3913 »Manoipatio
926 3841 1020 3897 locum
1039 3843 1126 3898 hahet
1143 3841 1218 3896 inter
1237 3839 1309 3895 cives

112 3931 255 3985 Romanos
281 3933 312 3986 et
334 3931 449 3987 Latinos
475 3929 639 3986 coloniarios
663 3929 833 4000 Latinosque
858 3929 990 3986 Iunianos
1015 3947 1117 4000 eosque
1136 3928 1309 4000 peregrinos,

113 4018 217 4089 quibus
243 4020 441 4076 commercium
467 4020 565 4075 datum
591 4023 642 4076 est.
688 4019 890 4075 Oommercium
915 4021 958 4076 est
983 4020 1094 4076 emendi
1112 4017 1310 4088 vendundique

112 4125 235 4164 rnvrcem
253 4110 324 4165 rus”.
