2916 4604
226 66 292 133 126
593 61 743 132 100111.
768 83 824 128 xx.
852 65 888 148 §§
908 63 1052 130 14-20.

220 257 304 341 quod
335 255 428 320 debet
455 254 632 342 legaverit,
650 253 766 318 inutile
788 258 837 320 est
858 253 1020 341 legatum,
1044 255 1072 318 si
1093 253 1177 317 nihil
1200 253 1273 338 plue
1295 257 1383 318 estin
1436 261 1437 268 ’

218 362 327 449 legato
358 381 455 446 quem
478 364 512 425 in
536 359 661 442 debito,
687 361 762 444 quia
783 359 866 423 nibil
889 358 1026 444 amplius
1049 358 1147 423 habet
1168 379 1223 442 per
1245 356 1384 444 legatum.

221 467 334 552 quodsi
362 468 396 529 in
426 465 510 531 diem
541 464 593 531 vel
616 464 675 529 sub
698 463 881 529 condicione
904 464 1050 530 debitum
1074 465 1104 529 ei
1125 483 1202 547 pure
1224 462 1385 549 legaverit,

220 572 301 636 utile
324 574 373 636 est
394 571 539 657 legatum
562 575 689 655 propter
712 572 1039 653 repraesentationem.
1076 569 1188 654 quodsi
1210 571 1286 635 vivo
1308 573 1386 633 testa·

217 681 288 742 tore
311 677 378 741 dies
402 679 525 741 venerit
545 680 601 740 aut
621 675 762 739 condicio
781 677 939 752 extiterit,
961 674 1156 759 Papinianus
1175 675 1301 758 scripsit
1317 673 1386 738 utile

218 802 289 846 esse
319 779 421 846 nihilo
443 783 552 845 minus
574 780 736 867 legatum,
762 783 838 864 quia
861 779 960 844 semel
984 781 1138 844 constitit.
1184 778 1270 862 qnod
1293 785 1324 843 et
1344 799 1387 844 ve

215 905 294 951 rum
324 891 389 952 est:
421 905 483 950 101
512 888 599 950 enim
622 884 744 968 placuit
766 887 923 950 sententia
945 887 1199 950 existimantium
1222 886 1388 949 extinctum

215 1012 286 1056 esse
318 990 482 1077 legatum,
515 993 590 1074 quia
620 991 654 1054 in
684 1009 755 1054 eam
787 1009 916 1054 causam
946 992 1109 1074 pervenit,
1134 1011 1153 1054 a
1175 1010 1239 1074 que
1261 991 1388 1074 incipere

215 1117 281 1161 non
304 1101 418 1181 potest.
466 1093 529 1160 Sed
552 1097 695 1160 eiurari
718 1097 855 1159 maritus
878 1095 985 1160 dotem
1008 1094 1181 1182 legaverit,
1206 1094 1294 1161 valet
1313 1094 1410 1180 lega-c

218 1207 308 1275 tum,
332 1203 407 1284 quia
426 1199 551 1286 plenius
571 1205 619 1264 eet
637 1199 781 1287 legatum
801 1217 898 1285 quam
919 1200 958 1264 de
978 1200 1052 1265 dote
1072 1202 1164 1264 aetio.
1189 1201 1243 1265 sed
1263 1203 1390 1284 siquam

219 1327 282 1370 non
313 1309 467 1390 acceperit
498 1306 605 1370 dotem
634 1305 808 1391 legaverit,
841 1305 910 1370 divi
937 1303 1073 1371 Severus
1097 1310 1129 1370 et
1151 1307 1332 1370 Antoninus
1352 1324 1390 1368 re·

217 1415 429 1495 seripserunt,
462 1414 489 1476 si
520 1409 651 1495 quidem
674 1409 865 1496 simpliciter
887 1409 1062 1497 legaverit,
1086 1411 1202 1476 inutile
1225 1431 1294 1476 esse
1317 1410 1392 1496 lega

214 1529 307 1581 tum:
340 1518 368 1586 si
397 1535 473 1582 vero
504 1520 589 1581 certa
618 1517 753 1600 pecunia
776 1514 828 1579 vel
850 1521 974 1580 certum
998 1535 1110 1600 corpus
1132 1523 1188 1581 aut
1209 1519 1391 1581 instrumen-

215 1627 291 1686 tum
326 1622 409 1687 dctie
435 1624 470 1685 in
500 1621 710 1708 praelegendo
739 1620 953 1686 demonstrata
984 1626 1074 1698 sunt,
1108 1621 1212 1687 valere
1243 1621 1389 1708 legatum.
1436 1683 1437 1692 .

216 1725 255 1790 Si
285 1747 335 1792 res
361 1726 470 1812 legata
493 1728 559 1791 sine
582 1727 664 1790 facto
687 1726 811 1791 heredis
834 1728 980 1812 perierit,
1004 1726 1159 1814 legatario
1181 1726 1318 1790 decedit.
1363 1729 1411 1789 011

217 1835 248 1894 si
278 1852 388 1896 servus
418 1829 540 1897 alienus
562 1830 689 1918 legatus
711 1834 779 1897 aine
802 1832 885 1897 sacto
909 1832 1034 1897 heredis
1056 1834 1271 1896 manumissus
1283 1830 1389 1902 fuerit,

215 1955 282 1999 non
317 1941 443 2001 tenetur
477 1937 576 2001 heres.
625 1940 652 2001 si
688 1957 763 2003 vero
798 1937 922 2003 heredis
952 1957 1062 2003 servus
1091 1937 1218 2024 legatus
1248 1937 1347 2000 fuerit
1366 1939 1391 1999 et

215 2045 286 2125 ipse
311 2062 386 2106 eum
408 2045 649 2119 manumiserit,
675 2045 775 2109 teneri
798 2063 872 2108 eum
896 2042 1041 2107 Iulianus
1064 2044 1207 2126 scripsit,
1231 2062 1290 2106 nec
1303 2044 1391 2105 inter·

217 2153 285 2218 est,
315 2149 422 2211 scierit
453 2167 492 2211 an
522 2150 717 2234 ignoraverit
748 2170 767 2213 a
794 2169 827 2212 se
858 2148 1004 2234 legatum
1035 2167 1111 2212 esee.
1158 2149 1212 2212 sed
1236 2153 1269 2213 et
1294 2150 1324 2212 si
1345 2145 1392 2210 alii

219 2252 387 2318 donaverit
417 2273 545 2318 servum
575 2258 607 2318 et
638 2256 680 2330 is,
713 2256 766 2317 cui
797 2252 931 2318 donatus
961 2257 1025 2320 est,
1059 2272 1134 2317 eum
1157 2253 1390 2323 manumiserit,

150 2401 152 2406 ,
190 2363 348 2423 v'tenetur
381 2359 490 2434 heres,
526 2361 674 2442 quamvis
708 2360 904 2446 ignoraverit
934 2377 953 2422 a
983 2378 1016 2422 ee
1047 2377 1121 2422 eum
1151 2358 1300 2445 legatum
1323 2376 1390 2421 esse.

217 2462 255 2528 Si
279 2467 350 2548 quis
373 2462 504 2530 ancillas
527 2485 601 2528 cum
624 2468 691 2529 suis
713 2467 796 2529 natis
820 2464 994 2551 legaverit,
1016 2465 1144 2528 etiamsi
1164 2461 1299 2527 ancillae
1319 2481 1391 2525 mor-

211 2575 294 2634 tuae
317 2569 453 2653 fuerint,
478 2576 587 2655 partus
611 2569 717 2657 legato
742 2570 866 2634 cedunt.
903 2569 989 2633 idem
1010 2574 1076 2645 est,
1098 2570 1126 2632 si
1143 2568 1391 2632 ordinarii-servi

218 2695 295 2738 cum
314 2677 441 2741 vicanis
461 2675 562 2761 legati
581 2675 717 2758 inerint,
740 2680 793 2757 ut,
813 2669 1020 2738 licetmo'rtui
1030 2676 1096 2737 eint
1108 2673 1277 2748 ordinarii,
1291 2677 1391 2736 tamen

217 2780 332 2842 vicarii
355 2777 461 2865 legato
486 2780 608 2844 cedant.
644 2779 698 2844 sed
722 2783 749 2843 si
768 2798 878 2845 servus
898 2799 972 2842 cum
991 2778 1116 2863 peculio
1135 2777 1233 2842 fuerit
1253 2777 1390 2864 legatus,

217 2887 346 2948 mortuo
378 2904 468 2948 serve
497 2883 551 2951 vel
581 2887 778 2949 manumisso
808 2883 860 2949 vel
892 2883 1028 2949 alienato
1056 2888 1088 2948 et
1110 2883 1229 2968 peculii
1252 2882 1391 2969 legatum

218 2989 432 3073 extinguitur.
468 2989 554 3054 idem
575 2994 640 3064 est,
663 2991 690 3053 ei
709 2989 826 3055 fundus
847 2992 1021 3055 instructus
1033 2988 1086 3054 vel
1098 3010 1172 3054 cum
1184 2991 1391 3068 instrumente

215 3091 344 3178 legatus
375 3093 488 3158 fuerit:
516 3114 590 3158 nam
614 3094 712 3159 fundo
735 3094 871 3160 alienato
895 3100 927 3160 et
947 3097 1151 3160 instrumenti
1172 3093 1320 3180 legatum
1343 3113 1389 3156 ex-

221 3199 392 3283 tinguitur.
438 3197 474 3263 Si
508 3219 587 3286 grex
616 3197 743 3286 legatus
773 3200 870 3265 fuerit
899 3203 1069 3284 posteaque
1102 3199 1142 3264 ad
1172 3218 1271 3262 unam
1302 3215 1414 3263 ovemu

219 3305 416 3386 pervenerit,
438 3303 521 3389 quod
540 3303 730 3389 superfuerit
747 3304 903 3370 vindicari
914 3309 1027 3390 potest.
1053 3301 1159 3392 Grege
1172 3301 1391 3390 autemlegato
1439 3353 1440 3412 ,

217 3409 320 3473 etiam
342 3429 393 3473 eas
413 3429 504 3493 oves,
525 3430 605 3494 quae
625 3414 696 3493 post
717 3413 945 3475 testamentum
958 3410 1079 3475 factum
1091 3411 1186 3496 gregi
1197 3403 1389 3484 adiciuntur,
1439 3453 1440 3498 ,

220 3511 327 3598 legato
340 3513 449 3580 cedere
458 3513 602 3580 Iulianus
614 3517 676 3579 ait:
690 3535 755 3580 esse
768 3517 855 3579 enim
866 3519 976 3603 gregis
989 3537 1090 3581 unum
1102 3536 1215 3602 corpus
1227 3536 1266 3580 ex
1278 3515 1390 3579 distan-

215 3617 306 3681 tibus
326 3619 497 3703 capitibus,
520 3621 615 3684 sicuti
638 3620 765 3684 aedium
785 3641 887 3684 unum
911 3641 1023 3706 corpus
1042 3625 1090 3686 est
1108 3639 1147 3684 ex
1159 3619 1391 3684 cohaerentibus

217 3720 394 3805 lapidibus,
421 3725 551 3790 aedibus
574 3725 709 3809 denique
730 3724 848 3812 legatis
870 3725 1034 3791 columnas
1057 3730 1089 3791 et
1112 3744 1289 3802 marmora,
1315 3739 1415 3808 quaero

214 3832 290 3912 pest
313 3832 541 3895 testamentum
563 3831 686 3896 factum
708 3831 830 3896 adiecta
853 3837 944 3915 eunt,
969 3831 1075 3920 legato
1095 3831 1213 3896 cedere.
1248 3828 1285 3894 Si
1302 3844 1415 3914 pecu-n

218 3931 302 3996 lium
330 3932 474 4020 legatum
504 3937 614 4010 suerit,
650 3938 717 4000 sine
748 3937 844 4000 dubio
875 3938 1030 4022 quidquid
1053 3935 1177 4021 peculio
1201 3935 1322 4000 accedit
1347 3929 1392 3998 vel

216 4035 343 4102 decedit
372 4042 447 4106 vivo
478 4045 646 4118 testatore,
678 4041 826 4126 legatarii
856 4041 945 4110 lucro
967 4041 1021 4109 vel
1043 4042 1158 4108 damno
1183 4047 1240 4108 est.
1286 4037 1391 4125 quodsi
