2916 4604
540 1 749 99 11111111
777 59 784 76 .

2 199 30 290 1)
90 197 211 271 Adhuc
224 193 251 291 1)
285 209 400 272 sutem
437 204 542 274 etiam
567 205 645 270 alios
669 202 846 288 complures
869 189 988 287 gradus
1010 178 1094 266 fecii
1116 194 1120 292 1
1143 202 1304 292 prae-‘at

66 326 123 385 tor
151 316 189 384 iu
215 313 389 385 honorum
415 313 699 412 possessionibus
723 312 850 383 dandis
876 312 955 380 dum
982 307 1179 403 iungebat,
1207 313 1250 380 ne

66 431 146 526 quis
168 430 243 499 sine
265 455 471 500 successore
495 430 500 526 Ι
523 439 708 502 moreretur
730 429 769 492 de
793 427 908 512 quibus
931 428 966 488 in
984 425 1035 488 his
1054 427 1273 491 commentae

67 545 160 608 tariis
182 542 321 609 consulto
342 544 347 628 Ι
367 567 427 608 aaa
450 545 580 628 opimae,
599 565 674 609 cum
693 543 814 607 hocius
826 544 929 604 totum
943 540 1078 624 propriis
1091 553 1273 606 commemo
1299 570 1304 578 ·

66 651 159 715 tariis
182 648 463 740 capolioaverimac:
488 653 548 717 hoc
571 651 685 717 solum.
700 647 900 715 admonuisse
923 643 1040 711 suffieit
1092 693 1099 710 .
1147 694 1155 710 .
1205 693 1212 710 .
1260 669 1286 714 ro

64 757 125 841 †²)
174 800 983 826 ···············
1011 802 1039 867 ⁴·
1088 801 1096 818 ·
1146 803 1153 819 ·
1203 803 1228 864 ⁰.
1261 753 1383 844 cir-un)

98 2926 134 2996 1)
154 2923 276 2978 Schedae
300 2922 395 2979 Bl.:a
415 2962 560 2978 ......
581 2942 608 2980 c:
632 2924 712 2996 quasi
735 2924 777 2980 bis
802 2927 899 2984 ternae
924 2926 1037 3002 litterae
1062 2928 1136 2985 inter
1156 2947 1174 2986 a
1193 2934 1222 2988 et
1237 2952 1256 2990 o

56 3014 239 3072 extitissent:
265 3014 328 3081 sed,
352 3015 425 3068 teste
448 3013 488 3068 St.
508 3013 620 3070 Bluhm.
640 3015 773 3070 lectiones
792 3035 818 3070 v.
829 3035 856 3071 v.
877 3018 893 3071 6
913 3020 943 3072 et
963 3019 997 3072 10
1016 3018 1063 3074 vix
1082 3038 1163 3075 verae
1182 3027 1256 3080 suut.

55 3107 144 3162 Idem
162 3107 284 3160 testatur
301 3121 397 3160 versus
417 3103 468 3171 22,
488 3105 539 3171 23,
559 3105 595 3158 24
613 3123 669 3160 non
689 3109 763 3161 recte
783 3124 800 3161 a
819 3106 939 3162 Bluhme
957 3108 1045 3165 lectos
1064 3127 1131 3167 esse.
1166 3095 1258 3168 Resti-

56 3197 123 3253 tuit
142 3198 237 3251 sutem
256 3213 347 3266 panea
364 3195 415 3250 ills
434 3213 506 3267 quae
523 3199 553 3252 et
569 3214 620 3251 nos
635 3197 798 3252 exhibemus
814 3197 870 3252 iam
887 3197 937 3252 Ge.
955 3197 995 3254 ef.
1012 3199 1081 3256 Iust.
1092 3200 1137 3257 tit.
1147 3202 1195 3257 IX.
1206 3206 1222 3273 ἕ
1234 3205 1259 3260 2.

99 3288 133 3358 2)
152 3285 235 3352 Quid.
248 3284 424 3341 admonuerit
449 3283 550 3352 Gaius,
570 3286 699 3358 quodque
719 3287 756 3342 sit
774 3290 971 3358 argumentum
991 3290 1074 3346 huius
1093 3294 1123 3346 et
1142 3309 1258 3364 sequen-

56 3379 98 3434 tis
127 3377 246 3448 paginae
272 3379 347 3432 certe
373 3377 442 3432 seire
468 3394 525 3436 non
547 3395 701 3448 possumus.
740 3378 861 3434 Videtur
884 3382 979 3434 tamen
1005 3381 1039 3436 de
1059 3383 1129 3438 solto
1149 3384 1258 3440 Tertul-

54 3469 140 3522 liano
165 3467 253 3538 egisse
281 3467 327 3522 111
354 3465 447 3537 potius
473 3477 503 3530 et
528 3466 562 3522 de
588 3485 620 3524 eo
646 3470 676 3523 et
701 3468 735 3524 de
759 3469 829 3526 solto
856 3469 1029 3542 Orphitiano.
1067 3473 1147 3528 Unde
1172 3474 1259 3530 etiam

57 3557 135 3614 Iust.
154 3554 253 3612 titulos
273 3553 307 3612 de
326 3556 371 3611 his
390 3555 562 3630 argumentis
580 3558 656 3614 hisce
675 3575 740 3630 pag.
760 3560 884 3630 opposui.
914 3560 994 3616 Certe
1009 3561 1043 3616 de
1060 3564 1259 3636 utroqucsclto

57 3647 190 3720 proprios
207 3647 420 3704 commentarios
436 3647 605 3720 composuit,
623 3650 657 3704 cf.
674 3651 692 3703 1.
710 3649 739 3716 8,
758 3647 789 3716 9,
806 3649 840 3704 D.
858 3649 893 3704 ad
910 3651 980 3706 solta
996 3652 1113 3709 Tertull.
1131 3656 1160 3709 et
1173 3654 1258 3726 Orph.

59 3739 129 3811 (38,
151 3737 213 3811 17);
234 3739 283 3794 sed
301 3738 413 3810 quando
433 3739 483 3794 hos
503 3739 555 3796 »de
574 3739 634 3794 iure
654 3739 747 3795 civiliu
768 3740 980 3795 commentarios
999 3739 1129 3813 scripsit?
1148 3743 1259 3813 quando

59 3827 175 3885 edidit?
201 3829 280 3895 Quod
304 3828 341 3884 ad
365 3829 533 3902 farraginem
558 3829 696 3901 pertinet,
715 3847 800 3900 quam
820 3831 861 3886 st.
881 3830 997 3902 (partim
1017 3845 1051 3886 ex
1071 3831 1185 3887 Schedis
1204 3833 1259 3906 Bl.)

59 3919 209 3988 exhibuit,
236 3937 270 3976 111
296 3936 330 3976 ea
355 3919 427 3976 nihil
451 3924 533 3992 patet
558 3921 612 3976 nisi
636 3923 679 3993 (et
696 3939 732 3977 ne
750 3921 781 3975 id
799 3920 913 3991 quidem
931 3922 1014 3992 plane
1034 3925 1141 3979 eertum
1160 3926 1214 3996 est)
1233 3943 1259 3994 r.

61 4012 116 4080 13,
144 4011 195 4078 14,
222 4011 257 4065 15
281 4011 316 4066 ab
337 4011 468 4068 Huschke
488 4015 563 4070 recte
582 4011 672 4070 editos
691 4029 764 4069 esse:
783 4029 834 4082 per
850 4015 855 4082 1
870 4011 900 4066 in
917 4029 1031 4068 manum
1048 4013 1261 4072 conventionem

59 4103 127 4157 iura
146 4099 396 4174 consanguinitatis
415 4099 512 4174 naleta.

137 4209 186 4265 111.
1172 4224 1197 4268 n
