2934 4608
226 65 296 132 110
591 79 675 128 ruer.
700 62 741 126 Il.
766 81 832 127 xvi.
844 83 893 147 pr.
917 63 953 146 ἓξ
977 59 1077 128 1-4.

219 255 255 324 ¹si
285 255 363 350 quis
394 250 491 322 dieat
524 247 593 326 hoe
629 247 751 321 modo:
787 249 907 321 'fitius
941 248 1034 320 lilius
1068 275 1167 322 meus
1192 251 1299 322 heres
1323 251 1400 322 mibi

219 377 318 438 esto:
354 366 384 436 si
418 363 512 434 filius
538 387 637 433 meus
660 360 764 433 heres
789 361 877 432 mibi
902 387 975 432 uon
1001 364 1089 454 erit,
1116 364 1190 443 sive
1216 362 1321 435 beres
1345 367 1403 434 erit
1447 346 1448 438 i

226 491 262 551 et
293 479 389 575 prius
425 478 612 564 moriatur,
640 501 745 572 quam
772 476 809 544 iu
835 501 934 546 suam
960 474 1106 546 tutelam
1132 478 1279 548 venerit’
1303 477 1404 546 -id

220 603 281 664 est
304 589 416 688 pubes
442 589 557 664 faetus
583 589 630 659 sit
653 631 703 642 -
727 592 823 659 ‘tune
850 588 956 661 Seius
982 587 1084 660 beros
1110 591 1210 660 esto!
1233 617 1305 688 quo
1328 615 1406 661 casu
1447 567 1448 620 l

226 707 259 776 si
285 703 428 803 quidem
454 729 527 773 non
552 702 706 773 extiterit
730 700 834 772 heres
857 700 972 795 filius,
989 711 1074 773 tune
1093 702 1303 774 substitutus
1322 706 1405 799 patri

225 818 268 889 iit
293 816 410 888 heres:
436 817 576 887 sivero
603 815 756 885 extiterit
781 814 883 885 heres
909 813 1002 885 filius
1028 824 1063 886 et
1087 826 1167 887 ante
1192 815 1405 912 pubertatem

224 930 437 1017 decesserit,
471 928 538 1024 ipsi
571 925 645 998 lilio
678 925 720 996 fit
753 926 856 997 heres
890 925 1108 1001 substitutus.
1156 951 1231 995 nam
1268 932 1404 996 moribus

146 1057 148 1060 ’
226 1048 419 1110 institutum
454 1048 520 1121 est,
555 1045 610 1119 ut,
643 1062 717 1108 oum
749 1043 817 1106 eius
848 1044 961 1106 aetatis
992 1048 1083 1125 sunt,
1116 1044 1150 1106 in
1182 1063 1243 1128 qua
1266 1045 1331 1129 ipsi
1354 1044 1405 1108 sibi

228 1155 462 1218 testamentum
485 1148 586 1213 faeere
608 1167 671 1212 non
694 1153 843 1232 possunt,
867 1153 1012 1233 parentes
1036 1150 1081 1214 eis
1104 1149 1232 1213 faciant.
1274 1148 1420 1228 Querar
1448 1171 1449 1202 1

227 1260 317 1322 tione
348 1255 479 1320 excitati
510 1256 608 1318 etiam
631 1255 891 1319 substitutionem
913 1256 948 1318 in
970 1259 1076 1319 nostro
1099 1256 1266 1340 posuimus
1289 1255 1406 1338 oodice,

228 1383 295 1447 qua
328 1365 531 1447 prospectum
562 1363 628 1436 est,
661 1363 715 1438 ut,
748 1361 776 1424 si
806 1364 913 1425 mente
945 1365 1053 1445 captos
1083 1360 1220 1425 habeant
1250 1358 1336 1425 filios
1363 1358 1406 1426 rel

231 1472 362 1553 nepotes
392 1465 446 1532 vel
477 1469 662 1550 pronepotes
693 1467 924 1550 ouiusoumque
954 1486 1048 1532 sexus
1078 1465 1131 1533 vel
1160 1466 1297 1554 gradus,
1322 1465 1407 1531 liceat

230 1575 294 1649 eis,
330 1574 390 1638 etsi
419 1572 553 1656 puberes
584 1573 665 1649 sint,
698 1571 738 1636 ad
769 1572 954 1657 exemplum
983 1571 1152 1658 pupillaris
1175 1572 1405 1637 substitutionis

230 1684 335 1747 sertas
358 1698 505 1764 personas
529 1678 738 1743 substituere:
763 1679 813 1742 sin
835 1681 944 1742 autem
964 1679 1169 1763 resipuerint,
1191 1678 1327 1742 eandem
1346 1678 1409 1742 sub
1449 1735 1450 1752 ,

230 1786 438 1850 stitutionem
464 1781 636 1860 infirmari,
662 1786 694 1847 et
716 1782 776 1847 hoo
800 1781 840 1846 sd
863 1781 1047 1868 exemplum
1069 1782 1237 1869 pupillaris
1262 1783 1411 1848 substitu-
1449 1773 1450 1776 ¹

232 1893 348 1963 tionis,
380 1910 460 1975 quae
490 1893 660 1973 postquam
690 1887 832 1973 pupillus
863 1887 1039 1954 adoleverit
1069 1887 1261 1954 infirmatur.
1310 1887 1412 1975 Igitur

236 1999 272 2061 in
304 1994 457 2081 pupillari
491 1995 716 2060 substitutione
749 1995 924 2059 secuudum
957 1995 1136 2080 praefatum
1166 1995 1302 2059 modum
1336 1995 1428 2058 ordi-s

235 2108 312 2168 nata
356 2099 425 2169 duo
472 2096 749 2195 quodammodo»
772 2108 852 2168 sunt
890 2109 1116 2191 testamenta,
1155 2098 1305 2170 alterum
1346 2125 1414 2194 pa-

236 2215 327 2302 tris,
362 2210 510 2283 alterum
539 2209 625 2298 filii,
660 2221 838 2310 tamquam
874 2212 904 2281 si
936 2213 1010 2307 ipse
1040 2210 1135 2282 lilius
1161 2211 1229 2282 sibi
1254 2211 1418 2284 heredem
1450 2275 1451 2288 ἶ

236 2327 462 2398 instituisset:
488 2335 548 2394 ant
573 2334 667 2396 certe
688 2351 794 2395 unum
817 2336 870 2395 est
891 2335 1135 2396 testamentum
1155 2324 1306 2395 duarum
1333 2352 1418 2397 eau-

233 2466 376 2532 sarum,
410 2437 447 2508 id
482 2449 536 2508 est
569 2437 715 2508 duarum
750 2436 995 2508 hereditatum.
1043 2437 1101 2504 sin
1132 2444 1241 2504 autem
1272 2443 1346 2524 quis
1377 2444 1431 2505 itas

235 2553 462 2620 formidolosus
492 2555 552 2626 sit,
584 2557 622 2618 ut
651 2554 796 2635 timeret,
825 2573 865 2616 ne
887 2550 973 2616 filius
997 2552 1066 2616 eius
1090 2550 1233 2635 pupillus
1257 2551 1363 2615 adhue
1385 2573 1416 2615 er

235 2681 294 2743 eo,
327 2660 411 2745 quod
439 2658 546 2743 palam
577 2659 791 2725 substitutum
822 2659 959 2742 oooepit,
994 2662 1066 2741 post
1097 2656 1222 2720 obitum
1247 2658 1319 2721 eius
1342 2659 1416 2741 peri-

233 2765 311 2831 eulo
343 2765 532 2830 insidiarum
560 2764 772 2828 subiceretur:
802 2761 984 2859 vulgarem
1018 2759 1160 2857 quidem
1191 2758 1419 2831 substitutio·
1451 2821 1452 2858 ,

236 2901 317 2946 nem
350 2874 467 2972 pelam
502 2874 620 2945 faeere
655 2879 687 2939 et
716 2876 750 2938 in
778 2877 890 2960 primis
921 2875 1105 2969 testamenti
1133 2874 1288 2958 partibus.
1313 2875 1418 2944 debet.
1450 2887 1452 2982 p

231 2989 334 3059 illam
368 2999 483 3058 autem
519 2981 822 3071 substitutionem,
853 3011 916 3081 per
953 3009 1059 3081 quam
1086 2985 1175 3056 etsi
1204 2983 1307 3056 heres
1334 2987 1418 3056 exti-
1451 3047 1452 3066 ,

232 3105 321 3175 terit
351 3096 504 3197 pupillus
538 3107 574 3168 et
606 3099 695 3168 iutra
730 3096 949 3194 pubertatem
985 3095 1178 3168 decesserit
1217 3097 1420 3169 substitutus
1451 3101 1452 3106 ’

235 3224 406 3298 uocatur,
432 3212 620 3310 separatim
646 3212 683 3280 in
707 3207 935 3283 inferioribus
957 3207 1118 3306 partibus
1144 3209 1303 3282 seribere
1329 3236 1421 3282 eam·

239 3354 307 3428 que
333 3337 467 3424 purtem
493 3325 638 3423 proprio
663 3321 736 3394 lino
763 3325 975 3421 propriaque
1002 3348 1082 3394 cera
1106 3323 1319 3421 consignare
1338 3325 1420 3395 etin
1451 3315 1452 3348 ³

234 3445 354 3540 priore
381 3449 480 3537 parte
506 3437 704 3510 testamenti
730 3461 876 3521 cavere,
901 3462 945 3507 ne
971 3434 1156 3507 inferiores
1181 3435 1325 3508 tabulae
1343 3437 1418 3508 vivo

236 3554 315 3626 filio
349 3564 385 3625 et
416 3550 532 3624 adhue
566 3549 749 3647 impubere
783 3551 993 3645 aperiantur.
1041 3549 1125 3616 illud
1153 3549 1262 3636 pelam
1291 3556 1419 3618 estnon

241 3672 313 3736 ideo
336 3670 442 3733 minus
464 3666 570 3733 valere
593 3665 855 3730 substitutionem
879 3664 1055 3748 impuberis
1079 3659 1153 3739 filii,
1172 3662 1258 3747 quod
1276 3663 1418 3728 inisdem

240 3775 361 3842 tabulis
392 3775 509 3858 scripta
540 3774 599 3854 sit,
631 3770 747 3856 quibus
781 3769 843 3834 sibi
875 3770 1008 3853 quisque
1038 3767 1189 3833 heredem
1212 3771 1417 3849 instituisset,

239 3882 390 3968 quamvis
413 3878 473 3943 hoo
494 3876 618 3962 pupillo
641 3873 855 3962 periculosum
879 3876 931 3939 sit.
977 3871 1060 3943 Non
1081 3872 1196 3944 solinu
1215 3884 1333 3943 autem
1352 3871 1438 3944 lie-r

240 3992 384 4065 redibus
418 3989 584 4060 institutis
617 3985 857 4083 impuberibus
886 3982 1009 4056 liberis
1043 3986 1091 4056 iu
1117 3985 1330 4058 substituere
1353 4011 1422 4082 pa-

237 4115 358 4179 rentes
395 4111 563 4201 possunt,
600 4108 640 4169 ut
678 4108 714 4170 et
746 4098 776 4170 si
811 4096 958 4169 heredes
992 4098 1044 4168 eis
1077 4099 1254 4170 extiterint
1287 4107 1421 4171 stante
