2934 4608
504 86 886 174 ‹inrisores-154.
1239 87 1282 153 ee

20 273 91 360 152)
150 275 290 342 Heredes
318 283 427 344 autem
459 283 516 343 aut
537 280 705 343 necessarii
727 277 894 356 dicuntur,
920 282 976 342 aut
998 278 1049 342 sui
1073 280 1105 343 st
1127 285 1339 371 neeesse-m

104 384 147 446 rii
168 389 226 448 aut
250 385 400 450 extranei.

18 484 90 571 153)
151 488 353 554 Necessariae
383 489 473 555 heres
504 495 569 574 est,
604 510 714 556 servus
734 489 740 573 Ι
760 509 835 555 eum
865 489 1013 554 libertate
1044 488 1135 553 heres
1158 489 1311 553 instita-o

102 596 174 669 tus,
206 595 276 659 ideo
307 595 352 660 sio
383 596 578 681 appellatus,
607 597 612 681 1
641 598 715 680 quia
747 597 815 661 sive
848 594 945 672 velit,
971 596 1039 660 sive
1062 593 1161 676 nolit,
1185 595 1310 659 omni-r

104 699 201 765 modo
223 705 294 784 post
316 706 453 766 mortem
473 703 478 786 Ι
498 704 659 767 testatoris
682 703 827 786 protinus
850 700 932 766 liber
955 700 1099 766 etheree
1123 704 1181 763 est.
1295 720 1310 764 e

15 801 89 885 154)
151 804 240 871 Unde
264 809 321 890 qui
344 805 523 903 facultaltes
546 827 618 874 sues
642 818 803 892 suspectas
826 807 923 872 hebet
944 805 1024 870 solet
1043 826 1171 870 servum
1188 824 1310 870 suume

95 910 213 995 prilmo
233 917 289 976 out
300 911 436 977 seeundo
449 912 501 977 vel
512 915 610 978 etiem
622 912 772 978 ulteriore
784 912 886 1000 gradu
901 911 1040 977 liberum
1060 911 1065 996 Ι
1086 914 1118 974 et
1129 909 1278 986 heredem
1290 931 1325 988 ro,
1339 931 1364 976 rr

102 1017 287 1093 inst'tuere,
308 1022 361 1094 ut,
383 1019 410 1081 si
429 1017 637 1083 oreditoribus
650 1021 726 1084 satis
746 1019 751 1103 1
772 1038 835 1083 non
847 1015 919 1094 fiat,
932 1019 1038 1102 potius
1050 1017 1146 1080 huius
1159 984 1282 1083 heredis
1295 1037 1321 1083 rs

98 1140 203 1206 quam
220 1125 320 1207 ipsius
340 1125 500 1188 testatoris
518 1124 612 1204 belna
631 1122 892 1219 [possideantur
906 1131 941 1192 et
953 1118 1206 1206 distrahentur]
1229 1123 1234 1195 Ι
1255 1119 1282 1208 1)
1296 1143 1321 1188 re
1363 1203 1366 1209 Ι

99 1251 300 1318 quemquam
331 1234 415 1319 opud
444 1234 608 1300 Fufidium
643 1235 760 1302 Sabino
792 1235 938 1327 plateeat,
967 1233 1171 1300 eximendum
1207 1253 1281 1297 eum
1294 1254 1329 1314 ts,
1342 1253 1371 1298 ss

98 1358 172 1403 esse
194 1341 389 1426 ignominia,
415 1342 568 1440 quianon
590 1341 594 1428 Ι
616 1363 672 1408 suo
694 1344 792 1426 vitio,
815 1342 869 1406 sed
890 1344 1076 1406 necessitate
1097 1339 1177 1403 iuris
1191 1339 1323 1404 bono-rr

99 1464 176 1507 rum
200 1436 426 1533 venditiolnem
449 1451 627 1533 pateretur5
651 1449 707 1514 sed
730 1448 793 1514 alio
816 1449 886 1512 iure
906 1449 1041 1513 utimur.
1297 1465 1323 1510 rs

141 3873 171 3944 1)
191 3872 331 3942 (veneant'
353 3875 451 3938 idest,
470 3873 503 3926 ut
521 3867 688 3941 ignominia,
707 3887 733 3937 q.
753 3865 861 3922 aceedit
876 3867 950 3943 (siet)
970 3885 1004 3922 ex
1023 3867 1181 3924 venditione
1200 3870 1287 3926 bono·

92 3979 166 4017 tum
189 3962 264 4016 huno
282 3963 376 4032 potius
404 3961 489 4016 hered
514 3980 541 4030 q.
566 3959 659 4028 ipsum
683 3961 846 4013 testatorem
872 3959 1036 4029 continget.)
1061 3957 1090 4013 O.
1110 3959 1148 4012 Ut
1168 3960 1289 4018 sexeien-

87 4051 156 4107 ties
176 4051 222 4105 hie
242 4069 352 4122 quoque
370 4041 463 4124 glossa
481 4049 600 4105 detrusit
618 4047 750 4120 genuino,
770 4063 826 4116 qua
841 4046 957 4114 reiecto,
977 4064 1031 4102 nen
1048 4047 1176 4104 dubitavi
1192 4066 1226 4104 ex
1242 4048 1291 4116 iis,

86 4158 175 4212 ques
193 4141 263 4196 lust.
282 4142 399 4212 praebet
416 4141 485 4196 Geio
505 4123 555 4195 sue.
573 4137 695 4194 reddere.
