2890 4616
207 61 274 136 384
548 67 632 142 man.
667 75 722 154 Ν,
745 71 790 154 u,
808 73 849 162 §a
868 53 1032 142 'tae-¹35.
1091 139 1094 142 ,

253 283 316 347 qua
335 263 374 329 de
394 279 488 328 cauae
505 262 579 329 talis
598 263 632 327 in
648 283 685 328 ea
696 271 730 328 re
741 257 867 348 prodita
878 247 926 330 est
937 264 1036 342 actio,
1050 266 1089 328 ut
1101 258 1331 346 quiaintcnd‘at
1341 255 1386 321 ho-

207 367 329 433 minem
341 361 489 434 Stichum
516 375 572 434 aut
595 389 706 435 aureos
730 368 840 436 decem
862 371 922 435 aibi
946 369 1022 435 da'ra
1045 371 1206 452 oportere,
1234 363 1270 429 id
1293 367 1340 428 eat
1361 369 1387 426 ut
1430 409 1431 464 3

208 472 318 539 eodem
341 471 436 540 modo
455 479 594 560 peteret,
613 495 675 560 quo
694 475 866 561 stipulatus
881 481 937 541 eet.
963 481 1123 561 praetcrea
1142 472 1169 538 ai
1183 471 1257 555 quia
1269 482 1388 556 gencra-
1431 514 1432 521 κ

95 659 98 663 ,
207 581 283 647 liter
310 579 474 648 hominem
502 578 675 666 stipulatus
706 582 748 646 eit
778 589 810 647 et
832 581 1012 668 specialiter
1035 579 1184 645 Stichum
1208 585 1322 666 petat,
1345 587 1390 643 aut
1430 585 1431 588 ’

83 772 87 777 ,
207 688 399 776 generaliter
428 685 541 752 vinum
572 685 743 770 stipulatus
770 677 956 772 ¹specialiter
981 683 1184 772 Campanum
1208 691 1321 772 petat,
1348 695 1393 751 aut

208 793 400 880 generaliter
430 803 603 877 purpuram
638 791 810 877 stipulatus
840 792 901 864 ait.
928 791 1041 858 deinde
1065 792 1249 877 specialiter
1272 789 1393 878 hmani

207 903 312 985 petat,
337 898 410 984 plus
432 901 538 982 petere
560 895 777 984 intellegitur,
802 899 878 983 quia
898 897 1085 963 electionem
1107 897 1394 980 adversario‘tollit,

212 1005 264 1069 cui
294 1002 509 1090 stipulationis
540 1001 608 1067 iura
636 1002 775 1068 liberum
805 1005 868 1069 fuit
899 1003 988 1070 aliud
1020 1003 1162 1088 solvere,
1184 1022 1293 1088 *quarn
1321 1005 1395 1086 quod

211 1115 380 1196 peteretur.
429 1109 506 1195 quin
537 1108 635 1173 etiam
663 1099 742 1174 licet
772 1109 969 1175 vilissimum
998 1110 1045 1174 eit
1076 1109 1164 1194 'quod
1195 1108 1272 1194 quie
1303 1115 1394 1194 petat,

213 1216 315 1283 nihilo
345 1215 452 1281 minua
482 1213 556 1300 plna
585 1219 691 1299 petere
720 1213 937 1303 intellegitat,
971 1215 1046 1300 quia
1071 1225 1168 1301 'saepe
1200 1214 1342 1292 accidit,
1369 1223 1394 1278 ut

213 1322 398 1409 promissori
432 1316 558 1386 facilius
593 1320 636 1384 ait
667 1319 749 1385 illud
775 1320 914 1400 solvere,
945 1321 1027 1407 quod
1057 1321 1190 1388 maioris
1214 1321 1321 1406 pretii
1350 1327 1393 1385 est

214 1426 277 1493 Sed
305 1428 383 1494 haee
413 1425 545 1512 quidem
576 1431 669 1491 antea
697 1427 731 1490 in
762 1447 823 1492 unu
842 1428 983 1494 lucrant:
1007 1433 1116 1512 pastea
1139 1432 1253 1491 autem
1276 1426 1332 1492 le'x
1353 1427 1395 1491 Ze
1408 1443 1431 1490 a

129 1535 131 1542 ’
214 1533 351 1599 noniana
383 1537 416 1598 et
442 1537 550 1598 nostra
580 1551 648 1597 rem
680 1533 843 1600 comtatit.
891 1539 924 1598 et
953 1533 980 1597 ai
1011 1531 1141 1616 quidem
1164 1539 1313 1617 tempore
1335 1534 1393 1616 plur

216 1640 314 1706 fuerit
348 1639 504 1724 petitum,
538 1637 614 1722 quid
642 1638 743 1703 statui
771 1642 912 1724 oportet,
943 1637 1075 1702 hanonia
1103 1637 1199 1704 divae
1231 1639 1395 1704 memoriae

213 1745 357 1832 loquitur
388 1742 590 1809 constitutio:
622 1742 672 1808 ain
705 1749 814 1809 autem
846 1744 1023 1828 quantitate
1049 1741 1102 1809 rel
1123 1741 1189 1808 alio
1213 1743 1313 1808 modo
1335 1744 1393 1828 plus
1431 1768 1432 1815 1

213 1853 312 1918 fuerit
335 1852 493 1936 petitum,
518 1870 630 1932 omne,
654 1849 777 1934 siquid
796 1849 877 1916 torte
897 1849 1051 1914 damnum
1079 1867 1119 1912 ex
1145 1849 1205 1913 hac
1234 1870 1332 1914 causa
1355 1871 1393 1914 ac
1430 1835 1431 1842 ἵ

217 1957 330 2022 ciderit
361 1959 405 2029 ei.
440 1959 549 2021 contra
580 1975 676 2040 quem
705 1955 779 2040 plus
809 1957 949 2040 petitum
979 1956 1094 2032 fuerit,
1113 1957 1295 2020 ‘commissa
1321 1955 1393 2040 tripli

217 2063 494 2146 condemnatione,
519 2063 603 2126 sicut
624 2081 719 2146 aupra
743 2061 902 2146 diximus,
926 2063 1086 2147 puniatur.

127 2383 136 2393 ·
201 2343 204 2350 ’
261 2343 296 2410 Si
319 2346 427 2410 minua
449 2347 485 2410 in
506 2346 681 2410 intentione
705 2342 889 2429 complexus
910 2335 1007 2410 luerit
1023 2349 1130 2428 actor,
1149 2351 1249 2428 quam
1267 2343 1310 2408 ad
1327 2363 1417 2408 euna

214 2453 405 2536 pertineret,
437 2449 540 2518 voluti
569 2453 612 2528 ei,
645 2470 719 2515 cum
750 2452 781 2514 ci
812 2449 922 2515 decem
950 2449 1154 2528 deberentur,
1179 2452 1319 2535 quinque
1340 2449 1393 2513 eibi

216 2555 286 2622 dari
313 2561 455 2642 oportere
475 2557 662 2634 intenderit,
688 2560 744 2621 aut
766 2577 841 2620 cum
865 2561 952 2621 totua
974 2556 1091 2620 fundus
1111 2558 1185 2620 ciue
1206 2559 1307 2632 earet,
1332 2575 1393 2640 par-

216 2669 282 2728 tem
313 2662 483 2728 dimidiam
514 2678 604 2727 auam
635 2683 701 2727 ease
733 2661 878 2746 petierit,
909 2663 977 2726 eine
999 2659 1139 2743 periculo
1163 2663 1249 2750 agit:
1273 2664 1310 2725 ir‘r
1328 2659 1392 2725 “reli-

215 2789 317 2854 quum
349 2771 435 2834 enim
465 2767 675 2834 nihilominus
704 2767 802 2832 iudex
833 2767 1048 2833 advocanda
1081 2767 1117 2831 ln
1147 2767 1259 2832 eodem
1283 2767 1392 2854 iudicio
1430 2853 1431 2858 ἵ

214 2875 404 2962 condemnat
434 2897 473 2940 ex
504 2876 730 2940 constitutione
761 2873 853 2939 divae
885 2874 1056 2938 memoriae
1079 2871 1220 2938 Zenonis.
1269 2871 1309 2938 Si
1331 2874 1391 2956 quir
1405 2891 1431 2932 a

215 2979 304 3047 aliud
336 3003 392 3067 pro
422 2979 485 3046 alio
515 2980 702 3057 intenderit,
734 2978 817 3044 nihil
846 2999 921 3044 eum
953 2977 1128 3063 periclitari
1149 2979 1267 3064 placet,
1293 2979 1393 3044 aedin

215 3088 325 3154 eodem
356 3088 475 3154 iudicio
506 3090 635 3175 cognita
661 3087 795 3153 veritate
818 3106 955 3151 errorem
980 3105 1076 3148 suum
1099 3087 1257 3170 corrigere
1279 3088 1312 3150 ci
1333 3105 1393 3168 per·

214 3195 395 3270 mittimus,
428 3193 531 3258 veluti
562 3195 590 3257 ai
616 3195 662 3276 ie,
685 3193 741 3276 qui
764 3193 929 3258 hominem
953 3188 1102 3256 Stichum
1126 3195 1234 3275 petere
1257 3191 1393 3263 deberet,

214 3298 345 3364 Erotem
375 3300 520 3384 petierit,
551 3302 607 3363 aut
637 3300 665 3363 ai
697 3299 768 3382 quia
798 3319 837 3362 cx
868 3301 1059 3362 testamento
1083 3297 1146 3360 eihi
1170 3297 1241 3361 dari
1262 3301 1393 3382 oportere

212 3403 401 3488 intenderit,
426 3405 510 3490 quod
532 3425 569 3469 ex
594 3402 751 3489 stipulatu
774 3403 913 3468 debetur.
