2890 4616
228 59 294 128 318
504 84 586 134 mer.
607 65 661 134 IV.
685 87 707 132 1.
731 65 845 153 §§18‚
870 65 923 134 19.
947 86 982 134 n.
1007 85 1054 153 pr.
1081 67 1144 154 51.

224 252 271 353 ln
304 279 439 323 summa
470 253 653 324 sciendum
684 265 738 324 cst
762 258 957 354 quaesitum
985 253 1082 342 esse,
1109 284 1155 327 an
1182 255 1334 355 impubes
1344 259 1400 344 (slis

226 392 299 437 rem
337 366 487 438 alienam
523 366 721 438 amovendo
756 369 887 440 lirrurm
921 373 1039 444 iaciat.
1090 381 1125 440 et
1159 370 1295 466 placet,
1325 374 1383 468 quia

225 481 355 551 lurtum
384 507 426 551 ex
451 481 580 550 affectu
606 484 788 566 consistit,
810 485 857 553 ita
880 483 1019 554 demunt
1043 482 1195 581 obligari
1209 509 1252 554 eo
1267 486 1385 554 crimine

224 593 462 693 impuberem,
496 596 526 664 si
560 595 738 690 proximus
764 594 940 691 pubertati
966 598 1013 667 sit
1037 606 1073 668 et
1095 595 1140 666 oh
1168 596 1205 665 id
1229 596 1388 694 intellegat

225 734 263 778 se
289 707 506 805 delinquere.
547 709 639 776 Furti
660 713 741 775 actio
758 713 825 798 sire
842 711 932 797 dupli
951 715 1019 777 sive
1034 711 1203 797 quadrupli
1216 716 1337 776 tantum
1351 714 1403 793 (1111

227 822 267 886 ad
290 841 408 907 poenae
430 827 680 907 persecutionem
704 830 858 912 pertinet:
882 834 957 904 nam
977 829 1077 911 ipsius
1093 829 1139 892 rei
1159 830 1386 911 persecutionem

226 931 420 993 extrinsecus
454 929 550 995 habet
585 931 750 1009 dominus,
784 953 880 1016 quam
912 939 968 998 aut
999 933 1189 999 vindicando
1220 939 1279 998 aut
1309 934 1388 997 condi·

226 1035 322 1100 cando
352 1041 456 1120 potest
487 1037 619 1102 auferre.
667 1039 721 1102 sed
751 1039 925 1104 vindicatio
955 1040 1082 1124 quidem
1112 1039 1264 1105 adversus
1295 1060 1388 1123 posses

226 1151 329 1205 sorem
357 1153 420 1217 est,
445 1145 512 1207 sive
541 1142 593 1207 fur
622 1147 690 1228 ipse
718 1146 858 1229 possidet
882 1148 948 1210 sive
971 1145 1053 1210 alius
1076 1145 1230 1230 quilibet:
1256 1145 1389 1210 condictio

226 1251 334 1312 autem
364 1248 514 1313 adversus
540 1251 647 1334 ipsum
672 1250 777 1316 furem
801 1251 990 1317 heredemve
1014 1254 1096 1328 eius,
1124 1250 1201 1315 licet
1222 1271 1288 1316 non
1311 1253 1389 1334 possi·

226 1354 315 1429 deat,
340 1359 501 1440 competit.

790 1547 832 1614 Π.

570 1713 612 1776 VI
633 1715 819 1776 BONORUM
840 1715 1053 1778 RAPTORUM.

268 1843 340 1942 Qui
364 1871 421 1919 res
447 1842 581 1919 alienas
604 1847 717 1945 rapit,
744 1857 886 1918 tenetur
909 1845 1052 1943 quidem
1079 1847 1184 1917 etiam
1212 1845 1393 1944 furtitquis

218 1963 312 2032 enim
338 1964 453 2059 magis
480 1960 630 2032 alienam
659 1985 734 2031 rem
759 1961 868 2032 invito
892 1959 1036 2031 domino
1061 1971 1282 2056 contrectat,
1305 1987 1391 2059 quau

220 2074 281 2172 qui
315 2075 349 2143 ri
383 2071 501 2170 rapit?
532 2073 685 2172 ideoque
713 2084 815 2145 recte
849 2073 983 2146 dictum
1018 2085 1071 2145 est
1103 2101 1181 2146 eum
1208 2072 1392 2171 improbum

217 2186 331 2258 furem
363 2205 459 2258 esse:
493 2187 555 2258 sed
590 2198 708 2259 tamen
748 2189 926 2287 propriam
961 2191 1139 2261 actionem
1178 2189 1256 2259 eius
1290 2187 1393 2258 delicti

216 2303 359 2372 nomine
396 2313 538 2398 praetor
572 2301 788 2396 introduxit,
823 2328 913 2399 quae
948 2301 1146 2400 appellatur
1170 2303 1206 2374 ri
1231 2301 1392 2372 bonorum

217 2426 397 2515 raptorum
419 2428 456 2487 et
476 2427 531 2487 est
551 2417 644 2488 intra
667 2443 797 2487 aunum
821 2416 1025 2514 quadrupli,
1039 2425 1121 2515 post
1133 2442 1266 2486 annum
1279 2415 1391 2512 simpli.

218 2555 308 2628 quac
330 2530 426 2601 actio
448 2529 550 2602 utilis
571 2539 636 2624 est,
652 2530 789 2601 etiamsi
810 2530 890 2626 quis
910 2556 1017 2600 unam
1034 2555 1110 2600 rem
1122 2529 1209 2600 licet
1220 2532 1392 2602 minimam

218 2644 384 2739 rapuerit.
438 2645 653 2731 quadruplum
684 2649 791 2710 autem
820 2664 883 2709 non
914 2649 1020 2710 totum
1049 2641 1150 2731 poena
1181 2649 1228 2710 est
1262 2651 1295 2710 et
1321 2649 1391 2708 extra

220 2778 355 2843 poenam
379 2759 425 2823 rei
446 2761 643 2844 persecutio,
667 2760 749 2823 sicut
769 2761 804 2822 in
824 2761 945 2824 actione
964 2758 1043 2824 furti
1062 2759 1224 2824 manifesti
1245 2759 1389 2824 diximus:

220 2864 276 2928 sed
305 2866 339 2928 in
370 2865 546 2951 quadruplo
576 2865 659 2930 inest
689 2871 720 2930 et
752 2867 798 2929 rei
829 2867 1024 2950 persecutio,
1047 2869 1085 2930 ut
1107 2886 1208 2952 poena
1231 2864 1324 2952 tripli
1344 2865 1387 2936 sit,

221 2972 288 3036 sive
318 2972 603 3056 comprehendatur
634 2976 742 3056 raptor
771 2973 806 3036 in
833 2974 902 3057 ipso
933 2971 1049 3038 delicto
1077 2973 1146 3038 sive
1169 2954 1243 3037 non.
1291 2968 1388 3036 ridicu-

219 3075 289 3142 lum
317 3082 365 3142 cst
389 3080 475 3143 enim
497 3077 629 3149 levioris
653 3093 720 3142 esse
743 3077 935 3144 condicionis
958 3099 1032 3144 eum
1056 3080 1111 3163 qui
1130 3081 1166 3145 ri
1184 3079 1287 3162 rapit,
1310 3093 1388 3162 quan

136 3171 144 3176 ’
221 3185 277 3268 qui
301 3182 384 3248 clam
410 3188 546 3252 amovet.
595 3183 676 3264 Quia
699 3188 806 3249 tamen
827 3186 874 3249 ita
896 3187 1049 3272 competit
1067 3184 1145 3250 hacc
1165 3185 1265 3262 cotio,
1286 3185 1315 3248 si
1333 3180 1399 3246 dolor

220 3289 306 3355 malo
338 3292 470 3376 quisque
501 3294 658 3376 rapuerit:
690 3293 746 3376 qui
775 3289 882 3376 aliquo
912 3311 1014 3356 errore
1044 3289 1193 3355 inductus
1220 3309 1314 3355 suam
1336 3305 1387 3352 ren

222 3416 289 3462 esse
320 3401 352 3462 et
382 3396 567 3482 imprudens
597 3399 677 3462 iuris
709 3417 746 3462 eo
770 3399 877 3462 animo
899 3398 1022 3483 rapuit,
1047 3399 1138 3482 quasi
1161 3395 1289 3461 domino
1311 3393 1387 3458 licen

221 3509 413 3568 rem‘suam
445 3505 543 3570 etiam
566 3506 712 3589 pervim
736 3503 857 3568 auferre
881 3504 1126 3588 possessoribus,
1152 3501 1276 3569 absolvi
1298 3501 1383 3566 debet.

221 3612 274 3674 oui
298 3609 419 3676 scilicet
444 3611 630 3676 conveniens
654 3615 703 3676 111
725 3631 782 3675 neo
806 3610 884 3675 furti
907 3612 1008 3677 teneri
1028 3630 1121 3684 eum,
1141 3611 1196 3694 qui
1216 3607 1325 3673 eodem
1342 3605 1385 3670 hoc

221 3717 327 3780 animo
351 3719 467 3802 rapuit.
516 3717 571 3782 sed
593 3739 651 3790 ne,
676 3717 753 3780 dum
775 3714 854 3781 talia
876 3719 1113 3804 excogitentur,
1132 3717 1314 3780 inveniatur
1330 3713 1383 3781 ria,

220 3840 277 3906 per
307 3842 402 3907 quam
431 3828 572 3908 raptores
601 3825 733 3908 impunc
764 3842 856 3886 suam
888 3827 1053 3887 exerceant
1076 3823 1263 3888 avaritiam:
1288 3817 1383 3884 melius

222 3925 381 3996 divalibus
406 3931 684 3994 constitutionibus
707 3950 763 4013 pro
786 3928 845 3992 hac
867 3934 955 4014 parte
979 3933 1181 4014 prospectum
1206 3932 1270 4004 est,
1290 3931 1326 3990 111
1344 3943 1381 3986 11

102 4109 103 4112 ¹
213 4031 429 4110 -mintssltaeat
463 4035 498 4100 11
530 4055 638 4120 rapere
673 4055 741 4101 rem
773 4034 925 4100 mobilem
955 4035 1009 4103 vel
1039 4057 1073 4102 ss
1108 4038 1305 4108 moventem,
1326 4029 1381 4094 licet

221 4155 324 4212 tuam
338 4137 471 4204 eandem
492 4160 562 4208 rem
586 4141 766 4208 existimet:
789 4140 844 4208 sed
867 4143 894 4208 si
917 4143 988 4226 quis
1010 4135 1120 4210 contra
1139 4137 1380 4216 statuebant,
