3024 4574
558 101 615 154 en
636 86 662 153 1.
686 87 722 171 §a
735 81 879 152 ss-sr.
1261 78 1305 150 aa

21 275 50 366 (§
60 273 111 364 55)
168 273 255 340 Item
276 275 311 338 in
332 280 489 361 potestate
508 280 614 341 nostra
624 281 699 341 sunt
709 274 804 341 liberi
814 276 932 358 nostri,
945 294 1022 359 quos
1033 274 1128 339 iustis
1147 271 1153 358 )
1173 271 1295 356 nuptiis
1316 290 1352 347 ιι,
1364 290 1399 347 ιι

125 382 377 467 procreavimus;
398 382 482 466 qnod
501 383 553 448 ins
571 383 737 467 proprium
757 382 880 447 civium
899 379 1118 446 Romanorum
1133 382 1195 456 est;
1208 377 1274 442 fere
1293 377 1299 462 )

126 490 214 552 enim
246 486 330 552 nulli
352 486 409 553 alii
431 495 506 552 sunt
528 487 690 565 homines,
715 488 771 573 qui
794 485 893 551 talem
914 489 949 551 in
971 484 1054 552 filios
1076 505 1149 551 suos
1172 482 1301 572 halbent
1323 503 1399 568 aaa

127 599 335 678 potestatem,
359 592 487 678 qualem
506 613 564 658 nos
584 593 757 670 habemus3
780 592 877 678 idque
897 592 966 658 divi
976 590 1030 657 He
1042 589 1174 682 lldriani
1187 592 1308 666 edicto,
1379 586 1421 653 15

127 697 212 784 quod
242 701 407 783 proposuit
436 698 475 764 de
505 698 574 777 his,
607 700 664 784 qui
695 698 757 764 sibi
780 696 962 784 liberislque
985 699 1052 762 suis
1074 698 1114 762 ab
1137 717 1174 763 ec
1197 700 1308 763 eivita-
1329 715 1344 761 a
1365 679 1445 759 ⁵⁷'*)

126 809 196 870 tem
225 801 403 869 Romanam
426 804 593 892 petebant,
617 801 823 892 signiticatcr
844 799 943 884 ot01):
968 801 1058 881 „Nee
1078 824 1133 870 me
1155 803 1306 890 praeterit
1328 823 1342 867 a

128 905 319 976 Galatarum
341 915 472 998 gentem
494 909 619 975 credero
639 909 645 994 )
665 912 699 974 in
718 913 874 995 potestate
892 914 1062 993 parentum
1079 908 1196 974 liberos
1209 907 1304 974 asse.''
1325 928 1340 973 ι

16 1012 157 1103 (teor)
1325 1014 1422 1102 (⁵-⁶)

128 1123 158 1186 si
189 1122 275 1187 cives
299 1120 459 1188 Rommae
486 1140 600 1188 uxores
625 1122 790 1198 duxerint,
815 1120 869 1186 vel
896 1123 995 1186 etiam
1016 1119 1143 1211 lattinas
1165 1123 1303 1208 peregri·
1326 1143 1376 1199 aa

129 1247 239 1305 nasae,
264 1249 339 1293 enm
357 1229 473 1314 quibus
493 1228 689 1294 connubium
707 1218 866 1310 halbeant.
902 1223 987 1292 Onm
1005 1228 1092 1292 enim
1111 1227 1306 1291 connubium
1326 1246 1341 1291 a

129 1332 164 1403 id
195 1332 328 1413 efficiat,
359 1340 398 1400 ut
423 1332 518 1400 liberi
540 1331 651 1423 poltris
674 1333 889 1400 condicionem
911 1336 1099 1419 sequantur,
1124 1335 1244 1409 evenit,
1268 1336 1307 1397 nt
1329 1353 1354 1398 ro

128 1459 192 1504 non
212 1440 323 1526 [cudo]
344 1443 430 1508 cives
448 1439 586 1506 Romani
601 1435 690 1520 filant
700 1439 756 1505 sed
768 1439 910 1505 etiamin
921 1443 1076 1524 potestate
1088 1441 1188 1525 patris
1199 1440 1274 1502 sint.
1328 1459 1353 1504 ιι

14 1543 115 1637 (W)
173 1543 266 1611 Unde
299 1569 389 1610 occsa
422 1546 540 1628 coquite
556 1549 581 1630 ιι)
616 1547 809 1630 veteranis!
836 1544 1028 1630 quibusdem
1062 1542 1191 1610 concedi
1226 1542 1307 1609 solet
1329 1565 1355 1608 ιι

115 1740 309 1756 *-

163 1863 190 1931 ’)
210 1861 261 1916 »In
282 1860 387 1932 pagina
405 1859 537 1916 interiore
555 1861 692 1932 plurimae
711 1861 823 1916 litterae
842 1861 982 1931 pallidae,
1001 1861 1050 1917 sed
1067 1862 1164 1932 paucis
1182 1859 1250 1919 locis
1269 1877 1316 1915 ex-

123 1950 228 2021 ceptis,
248 1950 299 2004 nbi
316 1950 583 2006 medicamentorum
603 1951 673 2004 situs
687 1951 831 2006 oculorum
847 1955 963 2006 conatus
978 1950 1089 2017 undet,
1106 1955 1199 2008 certae
1214 1950 1318 2006 sunt.”.

164 2093 194 2164 1)
213 2092 245 2148 0.
264 2052 443 2165 Qmflcami.
472 2092 551 2151 stud
572 2093 703 2151 adnotat:
723 2094 851 2150 alittera
866 2111 951 2164 supra
964 2094 1069 2149 lineam
1085 2093 1202 2151 fortasse
1211 2109 1316 2149 correc-
1374 2097 1377 2103 '

124 2185 181 2238 tori
206 2183 351 2239 debetur”.
379 2183 559 2238 Manifestum
583 2188 679 2240 autern
704 2189 759 2250 est,
783 2184 812 2238 ni
835 2183 933 2250 fallor,
957 2182 1058 2239 Gaium
1082 2183 1173 2240 dicere
1192 2201 1248 2239 non
1267 2198 1316 2253 po·

1302 2283 1314 2312 ο

124 2325 225 2381 tuisse:
244 2325 396 2382 allodi-iani
411 2326 503 2384 edicto
516 2327 709 2402 significavit',
723 2327 771 2382 aed
787 2327 926 2382 exstitisse
940 2327 969 2381 in
983 2326 1091 2383 codiee:
1108 2327 1254 2399 significat’
1265 2335 1317 2390 ι’ῐτ

124 2416 203 2486 prins
228 2419 263 2469 sir
288 2434 339 2486 pro
358 2419 396 2472 aie
415 2418 534 2489 scripto;
553 2436 619 2474 nam
637 2421 667 2472 et
685 2417 739 2473 hoc
757 2417 951 2488 prudentiores
967 2415 1085 2472 lectores
1103 2417 1174 2471 mihi
1193 2417 1317 2482 dabunt,

125 2503 196 2560 Gaio
222 2523 278 2560 non
301 2523 370 2576 opus
392 2507 477 2562 firmae
501 2525 535 2563 ex
554 2508 645 2564 edicto
664 2508 796 2578 principis
814 2507 1018 2574 demonstrare,¹
1033 2509 1162 2561 Βοιιιιιιιίε
1180 2509 1208 2560 in
1226 2509 1319 2562 liberos

129 2613 191 2648 scos
219 2605 374 2666 poaeetetem
404 2599 499 2668 fuisse.
540 2598 574 2652 Id
601 2615 633 2653 eo
661 2599 848 2670 significatum
876 2598 944 2664 fuit,
973 2597 1066 2652 nullos
1093 2597 1163 2653 alios
1191 2595 1317 2650 homines

124 2683 228 2738 liberos
253 2687 282 2740 ic
306 2689 447 2757 potestate
470 2688 615 2755 habuisse,
641 2705 812 2759 quamquam
837 2687 1002 2742 Galatarum
1029 2703 1097 2758 gens
1131 2685 1161 2740 id
1186 2685 1319 2741 crederet.

126 2773 231 2839 Quodsi
258 2775 341 2841 dion,
367 2777 452 2831 verba
478 2794 547 2832 »nec
570 2794 616 2834 me
640 2779 792 2850 praeteritn
814 2780 869 2834 eto.
888 2775 941 2832 Gai
958 2776 1046 2847 ipsius
1064 2793 1138 2842 esse,
1158 2791 1248 2845 neque
1266 2775 1320 2830 hoc

124 2865 230 2918 medere
248 2862 437 2937 intellegitur,
458 2885 547 2938 neque
566 2886 651 2937 quam
669 2869 705 2923 ob
724 2885 783 2924 rem
801 2869 874 2923 hanc
892 2866 1051 2938 opinionem
1069 2884 1126 2922 non
1145 2864 1318 2920 refutaverit.

164 2954 194 3023 2)
214 2973 295 3009 ›v.v.
315 2957 341 3009 5.
362 2957 378 3010 6
399 2961 427 3011 et
449 2957 492 3012 17.
513 2956 725 3014 testamento
745 2977 898 3028 numquam
918 2957 1037 3028 scriptae
1056 2957 1140 3012 finees
1160 2957 1318 3018 videntur'',

122 3042 265 3099 Videntur
290 3050 389 3100 autum
411 3064 438 3101 v.
459 3048 478 3102 5
498 3050 528 3101 et
548 3047 589 3104 17
608 3048 725 3103 rubricis
744 3047 877 3103 destinati
896 3047 994 3114 fuisse,
1013 3050 1043 3103 et
1062 3049 1082 3103 6
1102 3052 1132 3103 et
1150 3049 1191 3102 18
1207 3047 1320 3102 initium

125 3135 270 3202 moeniis
285 3135 431 3191 commatis
447 3136 616 3192 continuisse
631 3137 679 3208 (oi.
691 3141 707 3209 ς
719 3139 776 3206 65).
799 3137 864 3193 Non
878 3141 953 3192 reete
962 3137 1051 3209 igitur
1060 3137 1191 3193 Huschke
1201 3140 1319 3207 utroque

124 3223 187 3278 loco
216 3223 287 3279 duos
314 3241 409 3280 versus
437 3226 527 3282 finxit.
565 3227 618 3283 Hie
642 3227 801 3284 addendum
827 3227 949 3284 videtur:
976 3229 1083 3282 »Iertae
1107 3239 1193 3283 actem
1215 3229 1321 3300 nupcias

123 3316 283 3369 enarratum
300 3319 366 3371 cives
384 3316 526 3370 Romcnd'.
546 3316 581 3372 ef.
601 3320 617 3387 9
637 3319 672 3371 55
691 3317 755 3373 init.
774 3321 805 3372 et
823 3319 886 3388 §56
905 3318 952 3373 fin.

168 3404 329 3476 »teguntur
345 3405 376 3459 in
392 3406 552 3477 apographo
567 3407 674 3463 aStud.
686 3407 777 3464 edito:
787 3407 899 3463 litterae
913 3408 1150 3474 Ucdcc¹‚etStnd.
1161 3409 1320 3473 notatam,

123 3509 199 3564 quae
227 3511 302 3548 nnnc
325 3495 417 3550 endec*
443 3501 524 3563 sunt,
550 3496 618 3554 olim
644 3491 750 3552 undee²
773 3497 858 3552 inisse
884 3497 1006 3553 credas''.
1040 3497 1099 3570 Ego
1118 3501 1213 3553 autem
1232 3498 1321 3553 statui

125 3582 195 3638 olim
211 3583 296 3638 fuisse
312 3587 380 3640 ande
396 3596 429 3641 σθ.
444 3589 494 3658 (cc
507 3606 545 3640 =
560 3605 641 3641 eccae
658 3591 761 3658 coquite
777 3590 846 3643 nota
861 3589 905 3642 est
919 3590 1075 3657 concepta).
1092 3587 1177 3642 Gaius
1192 3585 1223 3640 id
1238 3587 1319 3643 dicit:

126 3673 196 3742 qnia
214 3673 290 3727 tanti
308 3676 444 3731 momenti
462 3680 506 3731 est
525 3678 708 3742 connubium,
727 3679 761 3732 nt
779 3694 814 3733 ex
832 3693 865 3733 eo
884 3677 933 3747 qui
950 3682 1118 3744 nascuntur,
1136 3678 1166 3732 in
1182 3680 1323 3748 potestate

126 3765 289 3833 parentium
312 3764 398 3831 fiant,
417 3765 535 3835 praemii
552 3766 614 3822 loco
632 3767 678 3822 vel
697 3771 762 3838 post
780 3770 938 3822 contractas
956 3767 1070 3838 nuptias
1090 3767 1226 3822 tribuitur
1243 3770 1320 3824 vete·

127 3855 218 3921 ranis,
239 3853 288 3908 sed
306 3872 363 3909 non
382 3857 527 3922 omnibns,
547 3855 597 3910 sed
615 3859 783 3928 quibusdem,
801 3874 892 3926 neque
910 3857 1084 3928 inexplorate
1103 3859 1151 3914 sed
1166 3877 1247 3914 occsa
1262 3877 1322 3930 cop-

126 3947 198 4010 ιιίια,
229 3943 348 4011 seilicet,
374 3960 409 4000 ne
432 3943 462 3999 in
485 3945 641 4016 pernicium
665 3946 816 4002 liberorum
841 3963 1003 4004 conoessum
1028 3964 1086 4003 esse
1109 3947 1258 4003 videretur.
1284 3949 1321 4004 cf.

128 4035 202 4090 infra
222 4035 300 4105 §932
327 4035 402 4104 qnod
427 4034 469 4090 ita
492 4034 607 4091 demum
631 4036 655 4091 is
678 4037 762 4103 iacit,
786 4037 810 4092 si
834 4056 915 4094 causo
939 4039 1042 4109 coquito
1067 4037 1257 4094 aestimaverit
1275 4041 1323 4094 too

121 4126 193 4198 filiis
211 4127 333 4196 expedire
353 4127 407 4180 otc.
