<?xml version="1.0" encoding="UTF-8"?>
<!DOCTYPE html PUBLIC "-//W3C//DTD XHTML 1.0 Transitional//EN"
    "http://www.w3.org/TR/xhtml1/DTD/xhtml1-transitional.dtd">
<html xmlns="http://www.w3.org/1999/xhtml" xml:lang="en" lang="en">
 <head>
  <title>
</title>
<meta http-equiv="Content-Type" content="text/html;charset=utf-8" />
  <meta name='ocr-system' content='tesseract 3.04.00' />
  <meta name='ocr-capabilities' content='ocr_page ocr_carea ocr_par ocr_line ocrx_word'/>
</head>
<body>
  <div class='ocr_page' id='page_1' title='image "./syntagmainstitu01studgoog_0042.png"; bbox 0 0 3024 4574; ppageno 0'>
   <div class='ocr_carea' id='block_1_1' title="bbox 560 63 1312 156">
    <p class='ocr_par' dir='ltr' id='par_1_1' title="bbox 560 63 1312 156">
     <span class='ocr_line' id='line_1_1' title="bbox 560 63 1312 156; baseline -0.007 -20"><span class='ocrx_word' id='word_1_1' title='bbox 560 85 616 137; x_wconf 76' lang='lat' dir='ltr'>an</span> <span class='ocrx_word' id='word_1_2' title='bbox 636 70 663 136; x_wconf 84' lang='grc' dir='ltr'>ι.</span> <span class='ocrx_word' id='word_1_3' title='bbox 686 71 722 156; x_wconf 62' lang='lat' dir='ltr'>§a</span> <span class='ocrx_word' id='word_1_4' title='bbox 745 67 889 136; x_wconf 82' lang='lat' dir='ltr'>ao-ea.</span> <span class='ocrx_word' id='word_1_5' title='bbox 1268 63 1312 132; x_wconf 87' lang='lat' dir='ltr'>er</span> 
     </span>
    </p>
   </div>
   <div class='ocr_carea' id='block_1_2' title="bbox 27 249 1449 2031">
    <p class='ocr_par' dir='ltr' id='par_1_2' title="bbox 138 249 1449 874">
     <span class='ocr_line' id='line_1_2' title="bbox 138 249 1449 346; baseline -0.002 -20"><span class='ocrx_word' id='word_1_6' title='bbox 138 281 211 326; x_wconf 90' lang='lat' dir='ltr'>cum</span> <span class='ocrx_word' id='word_1_7' title='bbox 231 259 285 345; x_wconf 73' lang='lat' dir='ltr'>lis</span> <span class='ocrx_word' id='word_1_8' title='bbox 310 257 395 325; x_wconf 88' lang='lat' dir='ltr'>filius</span> <span class='ocrx_word' id='word_1_9' title='bbox 418 259 585 326; x_wconf 88' lang='lat' dir='ltr'>anniculus</span> <span class='ocrx_word' id='word_1_10' title='bbox 615 279 681 324; x_wconf 88' lang='lat' dir='ltr'>esse</span> <span class='ocrx_word' id='word_1_11' title='bbox 711 259 849 345; x_wconf 86' lang='lat' dir='ltr'>coeperit</span> <span class='ocrx_word' id='word_1_12' title='bbox 862 258 900 346; x_wconf 82' lang='lat'>¹),</span> <span class='ocrx_word' id='word_1_13' title='bbox 924 257 1017 323; x_wconf 87' lang='lat' dir='ltr'>datur</span> <span class='ocrx_word' id='word_1_14' title='bbox 1039 257 1085 323; x_wconf 91' lang='lat' dir='ltr'>eis</span> <span class='ocrx_word' id='word_1_15' title='bbox 1107 260 1255 342; x_wconf 87' lang='lat' dir='ltr'>potestas,</span> <span class='ocrx_word' id='word_1_16' title='bbox 1269 249 1340 342; x_wconf 71' lang='grc' dir='ltr'>Ι)Ιι</span> <span class='ocrx_word' id='word_1_17' title='bbox 1447 319 1449 324; x_wconf 79' lang='grc'>,</span> 
     </span>
     <span class='ocr_line' id='line_1_3' title="bbox 139 362 1389 451; baseline -0.008 -19"><span class='ocrx_word' id='word_1_18' title='bbox 139 366 225 432; x_wconf 90' lang='lat' dir='ltr'>adire</span> <span class='ocrx_word' id='word_1_19' title='bbox 254 369 448 451; x_wconf 77' lang='lat' dir='ltr'><strong>praetorem,</strong></span> <span class='ocrx_word' id='word_1_20' title='bbox 471 365 524 432; x_wconf 82' lang='lat' dir='ltr'>vel</span> <span class='ocrx_word' id='word_1_21' title='bbox 545 367 581 430; x_wconf 89' lang='lat' dir='ltr'>in</span> <span class='ocrx_word' id='word_1_22' title='bbox 601 365 775 450; x_wconf 87' lang='lat' dir='ltr'>provinciis</span> <span class='ocrx_word' id='word_1_23' title='bbox 796 362 974 451; x_wconf 79' lang='lat' dir='ltr'>praesidem</span> <span class='ocrx_word' id='word_1_24' title='bbox 993 364 999 450; x_wconf 89' lang='grc' dir='ltr'>Ι</span> <span class='ocrx_word' id='word_1_25' title='bbox 1018 363 1247 450; x_wconf 71' lang='lat' dir='ltr'>provincia02),</span> <span class='ocrx_word' id='word_1_26' title='bbox 1271 362 1304 425; x_wconf 92' lang='lat' dir='ltr'>et</span> <span class='ocrx_word' id='word_1_27' title='bbox 1326 379 1349 438; x_wconf 85' lang='lat' dir='ltr'>a,</span> <span class='ocrx_word' id='word_1_28' title='bbox 1362 379 1389 423; x_wconf 84' lang='grc' dir='ltr'>ιο</span> 
     </span>
     <span class='ocr_line' id='line_1_4' title="bbox 139 466 1352 559; baseline -0.005 -23"><span class='ocrx_word' id='word_1_29' title='bbox 139 471 324 557; x_wconf 82' lang='lat' dir='ltr'>adprobare.</span> <span class='ocrx_word' id='word_1_30' title='bbox 354 491 388 536; x_wconf 85' lang='lat' dir='ltr'>se</span> <span class='ocrx_word' id='word_1_31' title='bbox 417 491 456 536; x_wconf 84' lang='lat' dir='ltr'>ex</span> <span class='ocrx_word' id='word_1_32' title='bbox 485 470 558 559; x_wconf 81' lang='lat' dir='ltr'>lege</span> <span class='ocrx_word' id='word_1_33' title='bbox 579 469 672 537; x_wconf 83' lang='lat' dir='ltr'>Aelia</span> <span class='ocrx_word' id='word_1_34' title='bbox 693 466 804 537; x_wconf 76' lang='lat' dir='ltr'>Sentio</span> <span class='ocrx_word' id='word_1_35' title='bbox 822 470 830 555; x_wconf 89' lang='grc' dir='ltr'>Ι</span> <span class='ocrx_word' id='word_1_36' title='bbox 848 487 981 536; x_wconf 83' lang='lat' dir='ltr'>uxorem</span> <span class='ocrx_word' id='word_1_37' title='bbox 1003 468 1130 534; x_wconf 84' lang='lat' dir='ltr'>duxisse</span> <span class='ocrx_word' id='word_1_38' title='bbox 1153 471 1185 533; x_wconf 88' lang='lat' dir='ltr'>et</span> <span class='ocrx_word' id='word_1_39' title='bbox 1208 488 1247 532; x_wconf 87' lang='lat' dir='ltr'>ex</span> <span class='ocrx_word' id='word_1_40' title='bbox 1269 486 1307 532; x_wconf 90' lang='lat' dir='ltr'>ea</span> <span class='ocrx_word' id='word_1_41' title='bbox 1329 487 1352 530; x_wconf 90' lang='grc' dir='ltr'>ιι</span> 
     </span>
     <span class='ocr_line' id='line_1_5' title="bbox 139 573 1357 664; baseline -0.006 -22"><span class='ocrx_word' id='word_1_42' title='bbox 139 575 244 642; x_wconf 88' lang='lat' dir='ltr'>filium</span> <span class='ocrx_word' id='word_1_43' title='bbox 274 575 459 642; x_wconf 89' lang='lat' dir='ltr'>anniculum</span> <span class='ocrx_word' id='word_1_44' title='bbox 487 573 635 664; x_wconf 73' lang='lat' dir='ltr'>habelre;</span> <span class='ocrx_word' id='word_1_45' title='bbox 665 579 698 642; x_wconf 89' lang='lat' dir='ltr'>et</span> <span class='ocrx_word' id='word_1_46' title='bbox 719 577 749 642; x_wconf 88' lang='lat' dir='ltr'>si</span> <span class='ocrx_word' id='word_1_47' title='bbox 769 577 814 655; x_wconf 86' lang='lat' dir='ltr'>is,</span> <span class='ocrx_word' id='word_1_48' title='bbox 840 574 924 662; x_wconf 85' lang='lat' dir='ltr'>apud</span> <span class='ocrx_word' id='word_1_49' title='bbox 944 595 1040 661; x_wconf 86' lang='lat' dir='ltr'>quem</span> <span class='ocrx_word' id='word_1_50' title='bbox 1063 593 1157 640; x_wconf 87' lang='lat' dir='ltr'>causa</span> <span class='ocrx_word' id='word_1_51' title='bbox 1177 573 1309 659; x_wconf 87' lang='lat' dir='ltr'>probata</span> <span class='ocrx_word' id='word_1_52' title='bbox 1331 592 1357 636; x_wconf 80' lang='lat' dir='ltr'>sa</span> 
     </span>
     <span class='ocr_line' id='line_1_6' title="bbox 139 677 1355 772; baseline -0.006 -24"><span class='ocrx_word' id='word_1_53' title='bbox 139 685 205 766; x_wconf 83' lang='lat' dir='ltr'>est,</span> <span class='ocrx_word' id='word_1_54' title='bbox 231 682 266 747; x_wconf 91' lang='lat' dir='ltr'>id</span> <span class='ocrx_word' id='word_1_55' title='bbox 286 683 335 747; x_wconf 88' lang='lat' dir='ltr'>ita</span> <span class='ocrx_word' id='word_1_56' title='bbox 356 701 423 747; x_wconf 89' lang='lat' dir='ltr'>esse</span> <span class='ocrx_word' id='word_1_57' title='bbox 443 677 725 772; x_wconf 49' lang='lat' dir='ltr'>pronuntiaverit,</span> <span class='ocrx_word' id='word_1_58' title='bbox 746 685 824 747; x_wconf 89' lang='lat' dir='ltr'>tnnc</span> <span class='ocrx_word' id='word_1_59' title='bbox 846 685 878 746; x_wconf 90' lang='lat' dir='ltr'>et</span> <span class='ocrx_word' id='word_1_60' title='bbox 899 682 967 767; x_wconf 88' lang='lat' dir='ltr'>ipse</span> <span class='ocrx_word' id='word_1_61' title='bbox 988 678 1108 746; x_wconf 88' lang='lat' dir='ltr'>latinus</span> <span class='ocrx_word' id='word_1_62' title='bbox 1120 679 1147 764; x_wconf 82' lang='lat'>⁴)</span> <span class='ocrx_word' id='word_1_63' title='bbox 1173 683 1206 746; x_wconf 90' lang='lat' dir='ltr'>et</span> <span class='ocrx_word' id='word_1_64' title='bbox 1226 698 1307 744; x_wconf 85' lang='lat' dir='ltr'>uxor</span> <span class='ocrx_word' id='word_1_65' title='bbox 1330 698 1355 741; x_wconf 75' lang='lat' dir='ltr'>aa</span> 
     </span>
     <span class='ocr_line' id='line_1_7' title="bbox 139 784 1353 874; baseline -0.004 -22"><span class='ocrx_word' id='word_1_66' title='bbox 139 789 225 871; x_wconf 87' lang='lat' dir='ltr'>eius,</span> <span class='ocrx_word' id='word_1_67' title='bbox 253 789 281 852; x_wconf 89' lang='lat' dir='ltr'>si</span> <span class='ocrx_word' id='word_1_68' title='bbox 311 790 344 852; x_wconf 87' lang='lat' dir='ltr'>ei</span> <span class='ocrx_word' id='word_1_69' title='bbox 371 789 442 873; x_wconf 86' lang='lat' dir='ltr'>ipsa</span> <span class='ocrx_word' id='word_1_70' title='bbox 471 787 615 854; x_wconf 90' lang='lat' dir='ltr'>eiusdem</span> <span class='ocrx_word' id='word_1_71' title='bbox 634 791 640 874; x_wconf 87' lang='grc' dir='ltr'>Ι</span> <span class='ocrx_word' id='word_1_72' title='bbox 660 787 852 854; x_wconf 89' lang='lat' dir='ltr'>condicionis</span> <span class='ocrx_word' id='word_1_73' title='bbox 882 786 925 851; x_wconf 87' lang='lat' dir='ltr'>sii</span> <span class='ocrx_word' id='word_1_74' title='bbox 944 791 968 864; x_wconf 90' lang='lat'><em>†</em></span> <span class='ocrx_word' id='word_1_75' title='bbox 985 786 1025 872; x_wconf 83' lang='lat'>⁸),</span> <span class='ocrx_word' id='word_1_76' title='bbox 1054 788 1139 854; x_wconf 87' lang='lat' dir='ltr'>cives</span> <span class='ocrx_word' id='word_1_77' title='bbox 1167 784 1305 851; x_wconf 87' lang='lat' dir='ltr'>Romani</span> <span class='ocrx_word' id='word_1_78' title='bbox 1327 803 1353 847; x_wconf 85' lang='grc' dir='ltr'>ιι</span> 
     </span>
    </p>

    <p class='ocr_par' dir='ltr' id='par_1_3' title="bbox 31 889 1358 1285">
     <span class='ocr_line' id='line_1_8' title="bbox 31 889 1358 980; baseline -0.002 -23"><span class='ocrx_word' id='word_1_79' title='bbox 31 892 60 977; x_wconf 62' lang='grc' dir='ltr'>(ξ</span> <span class='ocrx_word' id='word_1_80' title='bbox 71 889 127 980; x_wconf 83' lang='grc'>30)</span> <span class='ocrx_word' id='word_1_81' title='bbox 141 912 207 958; x_wconf 88' lang='lat' dir='ltr'>esse</span> <span class='ocrx_word' id='word_1_82' title='bbox 236 892 398 957; x_wconf 89' lang='lat' dir='ltr'>iubentur.</span> <span class='ocrx_word' id='word_1_83' title='bbox 443 891 518 958; x_wconf 90' lang='lat' dir='ltr'>Ideo</span> <span class='ocrx_word' id='word_1_84' title='bbox 547 899 656 958; x_wconf 90' lang='lat' dir='ltr'>autem</span> <span class='ocrx_word' id='word_1_85' title='bbox 686 891 692 979; x_wconf 79' lang='grc' dir='ltr'>Ι</span> <span class='ocrx_word' id='word_1_86' title='bbox 723 893 757 957; x_wconf 76' lang='lat' dir='ltr'>ta</span> <span class='ocrx_word' id='word_1_87' title='bbox 779 914 909 977; x_wconf 67' lang='lat' dir='ltr'>parona</span> <span class='ocrx_word' id='word_1_88' title='bbox 930 892 1001 976; x_wconf 77' lang='lat' dir='ltr'>filii</span> <span class='ocrx_word' id='word_1_89' title='bbox 1012 893 1039 977; x_wconf 83' lang='lat'>⁸)</span> <span class='ocrx_word' id='word_1_90' title='bbox 1067 891 1257 967; x_wconf 86' lang='lat' dir='ltr'>adiecimus,</span> <span class='ocrx_word' id='word_1_91' title='bbox 1281 891 1310 954; x_wconf 89' lang='lat' dir='ltr'>si</span> <span class='ocrx_word' id='word_1_92' title='bbox 1332 911 1358 955; x_wconf 78' lang='lat' dir='ltr'>re</span> 
     </span>
     <span class='ocr_line' id='line_1_9' title="bbox 140 993 1358 1084; baseline -0.004 -22"><span class='ocrx_word' id='word_1_93' title='bbox 140 1008 172 1062; x_wconf 85' lang='lat' dir='ltr'>et</span> <span class='ocrx_word' id='word_1_94' title='bbox 193 999 261 1083; x_wconf 88' lang='lat' dir='ltr'>ipse</span> <span class='ocrx_word' id='word_1_95' title='bbox 284 998 428 1064; x_wconf 88' lang='lat' dir='ltr'>eiusdem</span> <span class='ocrx_word' id='word_1_96' title='bbox 449 998 640 1064; x_wconf 86' lang='lat' dir='ltr'>condicionis</span> <span class='ocrx_word' id='word_1_97' title='bbox 660 999 665 1084; x_wconf 85' lang='grc' dir='ltr'>Ι</span> <span class='ocrx_word' id='word_1_98' title='bbox 686 999 743 1076; x_wconf 88' lang='lat' dir='ltr'>sit,</span> <span class='ocrx_word' id='word_1_99' title='bbox 767 1000 858 1083; x_wconf 91' lang='lat' dir='ltr'>quia,</span> <span class='ocrx_word' id='word_1_100' title='bbox 881 999 910 1062; x_wconf 88' lang='lat' dir='ltr'>si</span> <span class='ocrx_word' id='word_1_101' title='bbox 931 1017 1010 1063; x_wconf 83' lang='lat' dir='ltr'>uxor</span> <span class='ocrx_word' id='word_1_102' title='bbox 1032 996 1126 1064; x_wconf 90' lang='lat' dir='ltr'>latini</span> <span class='ocrx_word' id='word_1_103' title='bbox 1148 997 1228 1062; x_wconf 79' lang='lat' dir='ltr'>civis</span> <span class='ocrx_word' id='word_1_104' title='bbox 1248 993 1311 1060; x_wconf 87' lang='lat' dir='ltr'>Ro·</span> <span class='ocrx_word' id='word_1_105' title='bbox 1333 1013 1358 1058; x_wconf 76' lang='grc' dir='ltr'>ιι</span> 
     </span>
     <span class='ocr_line' id='line_1_10' title="bbox 139 1098 1358 1190; baseline -0.004 -22"><span class='ocrx_word' id='word_1_106' title='bbox 139 1123 234 1168; x_wconf 88' lang='lat' dir='ltr'>mana</span> <span class='ocrx_word' id='word_1_107' title='bbox 263 1107 326 1182; x_wconf 90' lang='lat' dir='ltr'>est,</span> <span class='ocrx_word' id='word_1_108' title='bbox 363 1105 419 1190; x_wconf 89' lang='lat' dir='ltr'>qui</span> <span class='ocrx_word' id='word_1_109' title='bbox 441 1123 480 1168; x_wconf 84' lang='lat' dir='ltr'>ex</span> <span class='ocrx_word' id='word_1_110' title='bbox 503 1125 538 1170; x_wconf 88' lang='lat' dir='ltr'>ea</span> <span class='ocrx_word' id='word_1_111' title='bbox 562 1105 702 1169; x_wconf 89' lang='lat' dir='ltr'>nascitur</span> <span class='ocrx_word' id='word_1_112' title='bbox 722 1103 728 1188; x_wconf 89' lang='grc' dir='ltr'>Ι</span> <span class='ocrx_word' id='word_1_113' title='bbox 748 1124 787 1168; x_wconf 87' lang='lat' dir='ltr'>ex</span> <span class='ocrx_word' id='word_1_114' title='bbox 809 1122 891 1170; x_wconf 80' lang='lat' dir='ltr'>novo</span> <span class='ocrx_word' id='word_1_115' title='bbox 913 1101 1202 1186; x_wconf 83' lang='lat' dir='ltr'>senatusconsulto,</span> <span class='ocrx_word' id='word_1_116' title='bbox 1228 1098 1312 1186; x_wconf 88' lang='lat' dir='ltr'>quod</span> <span class='ocrx_word' id='word_1_117' title='bbox 1334 1120 1358 1164; x_wconf 80' lang='grc' dir='ltr'>ιι</span> 
     </span>
     <span class='ocr_line' id='line_1_11' title="bbox 142 1207 1245 1285; baseline -0.001 -12"><span class='ocrx_word' id='word_1_118' title='bbox 142 1213 269 1274; x_wconf 85' lang='lat' dir='ltr'>auctore</span> <span class='ocrx_word' id='word_1_119' title='bbox 291 1210 367 1275; x_wconf 88' lang='lat' dir='ltr'>divo</span> <span class='ocrx_word' id='word_1_120' title='bbox 391 1207 554 1278; x_wconf 89' lang='lat' dir='ltr'>Hadriano</span> <span class='ocrx_word' id='word_1_121' title='bbox 575 1209 697 1275; x_wconf 86' lang='lat' dir='ltr'>factum</span> <span class='ocrx_word' id='word_1_122' title='bbox 719 1213 783 1285; x_wconf 90' lang='lat' dir='ltr'>est,</span> <span class='ocrx_word' id='word_1_123' title='bbox 806 1210 887 1275; x_wconf 89' lang='lat' dir='ltr'>civis</span> <span class='ocrx_word' id='word_1_124' title='bbox 908 1207 1071 1274; x_wconf 88' lang='lat' dir='ltr'>Romanus</span> <span class='ocrx_word' id='word_1_125' title='bbox 1092 1207 1245 1273; x_wconf 87' lang='lat' dir='ltr'>nascitur.</span> 
     </span>
    </p>

    <p class='ocr_par' dir='ltr' id='par_1_4' title="bbox 32 1309 1360 1827">
     <span class='ocr_line' id='line_1_12' title="bbox 32 1309 1359 1404; baseline -0.002 -25"><span class='ocrx_word' id='word_1_126' title='bbox 32 1312 60 1398; x_wconf 53' lang='grc' dir='ltr'>(ᾗ</span> <span class='ocrx_word' id='word_1_127' title='bbox 71 1309 129 1401; x_wconf 85' lang='grc'>31)</span> <span class='ocrx_word' id='word_1_128' title='bbox 185 1311 263 1404; x_wconf 54' lang='lat' dir='ltr'>Hocv</span> <span class='ocrx_word' id='word_1_129' title='bbox 298 1319 407 1381; x_wconf 86' lang='lat' dir='ltr'>tamen</span> <span class='ocrx_word' id='word_1_130' title='bbox 439 1317 490 1379; x_wconf 91' lang='lat' dir='ltr'>ius</span> <span class='ocrx_word' id='word_1_131' title='bbox 525 1314 743 1400; x_wconf 79' lang='lat' dir='ltr'>adipiscendae</span> <span class='ocrx_word' id='word_1_132' title='bbox 778 1315 919 1380; x_wconf 81' lang='lat' dir='ltr'>civitatis</span> <span class='ocrx_word' id='word_1_133' title='bbox 951 1312 1114 1379; x_wconf 81' lang='lat' dir='ltr'>Romanae</span> <span class='ocrx_word' id='word_1_134' title='bbox 1149 1315 1249 1378; x_wconf 91' lang='lat' dir='ltr'>etiam</span> <span class='ocrx_word' id='word_1_135' title='bbox 1282 1312 1310 1376; x_wconf 88' lang='lat' dir='ltr'>si</span> <span class='ocrx_word' id='word_1_136' title='bbox 1333 1331 1359 1376; x_wconf 77' lang='lat' dir='ltr'>sa</span> 
     </span>
     <span class='ocr_line' id='line_1_13' title="bbox 140 1413 1359 1512; baseline -0.002 -29"><span class='ocrx_word' id='word_1_137' title='bbox 140 1421 219 1484; x_wconf 78' lang='lat' dir='ltr'>serni</span> <span class='ocrx_word' id='word_1_138' title='bbox 252 1421 372 1508; x_wconf 49' lang='lat' dir='ltr'>medad</span> <span class='ocrx_word' id='word_1_139' title='bbox 408 1421 546 1485; x_wconf 89' lang='lat' dir='ltr'>minores</span> <span class='ocrx_word' id='word_1_140' title='bbox 580 1413 726 1512; x_wconf 70' lang='lat' dir='ltr'>trilginta</span> <span class='ocrx_word' id='word_1_141' title='bbox 753 1439 907 1487; x_wconf 85' lang='lat' dir='ltr'>annorum</span> <span class='ocrx_word' id='word_1_142' title='bbox 936 1420 1127 1484; x_wconf 81' lang='lat' dir='ltr'>manumissi</span> <span class='ocrx_word' id='word_1_143' title='bbox 1157 1421 1189 1483; x_wconf 89' lang='lat' dir='ltr'>et</span> <span class='ocrx_word' id='word_1_144' title='bbox 1216 1415 1311 1483; x_wconf 85' lang='lat' dir='ltr'>latini</span> <span class='ocrx_word' id='word_1_145' title='bbox 1334 1436 1359 1480; x_wconf 80' lang='lat' dir='ltr'>so</span> 
     </span>
     <span class='ocr_line' id='line_1_14' title="bbox 140 1523 1358 1613; baseline -0.002 -24"><span class='ocrx_word' id='word_1_146' title='bbox 140 1525 217 1590; x_wconf 86' lang='lat' dir='ltr'>facti</span> <span class='ocrx_word' id='word_1_147' title='bbox 246 1546 286 1590; x_wconf 82' lang='lat' dir='ltr'>ex</span> <span class='ocrx_word' id='word_1_148' title='bbox 314 1525 387 1613; x_wconf 81' lang='lat' dir='ltr'>lege</span> <span class='ocrx_word' id='word_1_149' title='bbox 416 1525 507 1590; x_wconf 88' lang='lat' dir='ltr'>Aelia</span> <span class='ocrx_word' id='word_1_150' title='bbox 537 1523 646 1590; x_wconf 79' lang='lat' dir='ltr'>Sentia</span> <span class='ocrx_word' id='word_1_151' title='bbox 665 1524 671 1609; x_wconf 77' lang='grc' dir='ltr'>Ι</span> <span class='ocrx_word' id='word_1_152' title='bbox 690 1524 885 1598; x_wconf 86' lang='lat' dir='ltr'>habuerunt,</span> <span class='ocrx_word' id='word_1_153' title='bbox 908 1529 1016 1590; x_wconf 87' lang='lat' dir='ltr'>tamen</span> <span class='ocrx_word' id='word_1_154' title='bbox 1037 1527 1147 1610; x_wconf 82' lang='lat' dir='ltr'>postea</span> <span class='ocrx_word' id='word_1_155' title='bbox 1169 1525 1308 1588; x_wconf 87' lang='lat' dir='ltr'>senatus·</span> <span class='ocrx_word' id='word_1_156' title='bbox 1331 1542 1358 1587; x_wconf 82' lang='lat' dir='ltr'>so</span> 
     </span>
     <span class='ocr_line' id='line_1_15' title="bbox 140 1625 1358 1720; baseline -0.002 -24"><span class='ocrx_word' id='word_1_157' title='bbox 140 1629 304 1708; x_wconf 74' lang='lat' dir='ltr'>consulte,</span> <span class='ocrx_word' id='word_1_158' title='bbox 336 1631 420 1718; x_wconf 90' lang='lat' dir='ltr'>quod</span> <span class='ocrx_word' id='word_1_159' title='bbox 449 1630 572 1718; x_wconf 75' lang='lat' dir='ltr'>Pegaso</span> <span class='ocrx_word' id='word_1_160' title='bbox 602 1629 740 1696; x_wconf 88' lang='lat' dir='ltr'>Pusione</span> <span class='ocrx_word' id='word_1_161' title='bbox 763 1625 956 1720; x_wconf 70' lang='lat' dir='ltr'>consulilbus</span> <span class='ocrx_word' id='word_1_162' title='bbox 977 1629 1100 1694; x_wconf 89' lang='lat' dir='ltr'>factum</span> <span class='ocrx_word' id='word_1_163' title='bbox 1122 1633 1186 1707; x_wconf 88' lang='lat' dir='ltr'>est,</span> <span class='ocrx_word' id='word_1_164' title='bbox 1211 1629 1310 1692; x_wconf 91' lang='lat' dir='ltr'>etiam</span> <span class='ocrx_word' id='word_1_165' title='bbox 1332 1647 1358 1693; x_wconf 82' lang='lat' dir='ltr'>a</span> 
     </span>
     <span class='ocr_line' id='line_1_16' title="bbox 142 1731 1360 1827; baseline -0.002 -28"><span class='ocrx_word' id='word_1_166' title='bbox 142 1737 317 1802; x_wconf 90' lang='lat' dir='ltr'>maioribus</span> <span class='ocrx_word' id='word_1_167' title='bbox 339 1737 473 1823; x_wconf 79' lang='lat' dir='ltr'>triginta</span> <span class='ocrx_word' id='word_1_168' title='bbox 491 1755 645 1800; x_wconf 92' lang='lat' dir='ltr'>annorum</span> <span class='ocrx_word' id='word_1_169' title='bbox 667 1731 884 1827; x_wconf 70' lang='lat' dir='ltr'>manumislsis</span> <span class='ocrx_word' id='word_1_170' title='bbox 905 1733 971 1820; x_wconf 66' lang='lat' dir='ltr'>cli)</span> <span class='ocrx_word' id='word_1_171' title='bbox 994 1733 1105 1800; x_wconf 89' lang='lat' dir='ltr'>latinis</span> <span class='ocrx_word' id='word_1_172' title='bbox 1126 1734 1219 1801; x_wconf 87' lang='lat' dir='ltr'>factis</span> <span class='ocrx_word' id='word_1_173' title='bbox 1241 1753 1312 1798; x_wconf 91' lang='lat' dir='ltr'>con·</span> <span class='ocrx_word' id='word_1_174' title='bbox 1333 1753 1360 1797; x_wconf 82' lang='lat' dir='ltr'>aa</span> 
     </span>
    </p>

    <p class='ocr_par' dir='ltr' id='par_1_5' title="bbox 27 1837 1360 2031">
     <span class='ocr_line' id='line_1_17' title="bbox 27 1837 1360 1926; baseline -0.004 -19"><span class='ocrx_word' id='word_1_175' title='bbox 27 1841 57 1925; x_wconf 54' lang='grc' dir='ltr'>(ᾗ</span> <span class='ocrx_word' id='word_1_176' title='bbox 69 1839 128 1924; x_wconf 82' lang='lat'>32)</span> <span class='ocrx_word' id='word_1_177' title='bbox 143 1861 269 1906; x_wconf 88' lang='lat' dir='ltr'>cessum</span> <span class='ocrx_word' id='word_1_178' title='bbox 303 1845 360 1905; x_wconf 91' lang='lat' dir='ltr'>est.</span> <span class='ocrx_word' id='word_1_179' title='bbox 382 1841 388 1926; x_wconf 87' lang='grc' dir='ltr'>Ι</span> <span class='ocrx_word' id='word_1_180' title='bbox 408 1837 577 1908; x_wconf 78' lang='lat' dir='ltr'>Caeterum</span> <span class='ocrx_word' id='word_1_181' title='bbox 614 1842 741 1907; x_wconf 88' lang='lat' dir='ltr'>etiamsi</span> <span class='ocrx_word' id='word_1_182' title='bbox 772 1845 844 1906; x_wconf 89' lang='lat' dir='ltr'>ante</span> <span class='ocrx_word' id='word_1_183' title='bbox 875 1840 1041 1906; x_wconf 77' lang='lat' dir='ltr'>decesserit</span> <span class='ocrx_word' id='word_1_184' title='bbox 1069 1838 1188 1906; x_wconf 90' lang='lat' dir='ltr'>latinus</span> <span class='ocrx_word' id='word_1_185' title='bbox 1203 1857 1312 1923; x_wconf 18' lang='lat' dir='ltr'>*quam</span> <span class='ocrx_word' id='word_1_186' title='bbox 1334 1858 1360 1902; x_wconf 86' lang='lat' dir='ltr'>aa</span> 
     </span>
     <span class='ocr_line' id='line_1_18' title="bbox 137 1943 1358 2031; baseline -0.003 -19"><span class='ocrx_word' id='word_1_187' title='bbox 137 1945 281 2012; x_wconf 89' lang='lat' dir='ltr'>anniculi</span> <span class='ocrx_word' id='word_1_188' title='bbox 299 1945 305 2030; x_wconf 88' lang='grc' dir='ltr'>Ι</span> <span class='ocrx_word' id='word_1_189' title='bbox 324 1943 384 2009; x_wconf 87' lang='lat' dir='ltr'>filii</span> <span class='ocrx_word' id='word_1_190' title='bbox 404 1965 533 2012; x_wconf 89' lang='lat' dir='ltr'>causam</span> <span class='ocrx_word' id='word_1_191' title='bbox 556 1946 750 2031; x_wconf 85' lang='lat' dir='ltr'>probaverit,</span> <span class='ocrx_word' id='word_1_192' title='bbox 776 1949 881 2031; x_wconf 88' lang='lat' dir='ltr'>potest</span> <span class='ocrx_word' id='word_1_193' title='bbox 901 1950 1004 2010; x_wconf 86' lang='lat' dir='ltr'>mater</span> <span class='ocrx_word' id='word_1_194' title='bbox 1021 1946 1088 2012; x_wconf 91' lang='lat' dir='ltr'>eius</span> <span class='ocrx_word' id='word_1_195' title='bbox 1100 1963 1309 2030; x_wconf 83' lang='lat' dir='ltr'>oausampro</span> <span class='ocrx_word' id='word_1_196' title='bbox 1330 1963 1358 2008; x_wconf 83' lang='grc' dir='ltr'>ιι</span> 
     </span>
    </p>
   </div>
   <div class='ocr_carea' id='block_1_3' title="bbox 126 2057 324 2070">
    <p class='ocr_par' dir='ltr' id='par_1_6' title="bbox 126 2057 324 2070">
     <span class='ocr_line' id='line_1_19' title="bbox 126 2057 324 2070; baseline -0.005 -1"><span class='ocrx_word' id='word_1_197' title='bbox 126 2057 324 2070; x_wconf 45' lang='lat' dir='ltr'>—n</span> 
     </span>
    </p>
   </div>
   <div class='ocr_carea' id='block_1_4' title="bbox 130 2107 1316 2504">
    <p class='ocr_par' dir='ltr' id='par_1_7' title="bbox 130 2107 1316 2271">
     <span class='ocr_line' id='line_1_20' title="bbox 173 2107 1316 2181; baseline -0.001 -17"><span class='ocrx_word' id='word_1_198' title='bbox 173 2110 202 2180; x_wconf 93' lang='grc'>1)</span> <span class='ocrx_word' id='word_1_199' title='bbox 222 2109 257 2163; x_wconf 85' lang='lat' dir='ltr'>cf.</span> <span class='ocrx_word' id='word_1_200' title='bbox 276 2108 423 2165; x_wconf 82' lang='lat' dir='ltr'>Goudsmit</span> <span class='ocrx_word' id='word_1_201' title='bbox 441 2109 508 2164; x_wconf 86' lang='lat' dir='ltr'>krit.</span> <span class='ocrx_word' id='word_1_202' title='bbox 528 2109 663 2166; x_wconf 82' lang='lat' dir='ltr'>Aanteelr.</span> <span class='ocrx_word' id='word_1_203' title='bbox 682 2127 746 2181; x_wconf 81' lang='lat' dir='ltr'>pag.</span> <span class='ocrx_word' id='word_1_204' title='bbox 767 2110 783 2164; x_wconf 83' lang='lat'>2</span> <span class='ocrx_word' id='word_1_205' title='bbox 803 2127 844 2180; x_wconf 85' lang='lat' dir='ltr'>sq.</span> <span class='ocrx_word' id='word_1_206' title='bbox 864 2112 894 2165; x_wconf 90' lang='lat' dir='ltr'>ot</span> <span class='ocrx_word' id='word_1_207' title='bbox 913 2109 1045 2165; x_wconf 75' lang='lat' dir='ltr'>collatam</span> <span class='ocrx_word' id='word_1_208' title='bbox 1063 2125 1081 2163; x_wconf 84' lang='lat' dir='ltr'>a</span> <span class='ocrx_word' id='word_1_209' title='bbox 1099 2108 1133 2164; x_wconf 83' lang='lat' dir='ltr'>V.</span> <span class='ocrx_word' id='word_1_210' title='bbox 1144 2107 1185 2163; x_wconf 85' lang='lat' dir='ltr'>cl.</span> <span class='ocrx_word' id='word_1_211' title='bbox 1196 2107 1316 2164; x_wconf 71' lang='lat' dir='ltr'>cleta</span> 
     </span>
     <span class='ocr_line' id='line_1_21' title="bbox 130 2199 409 2271; baseline 0 -18"><span class='ocrx_word' id='word_1_212' title='bbox 130 2200 167 2254; x_wconf 86' lang='lat' dir='ltr'>de</span> <span class='ocrx_word' id='word_1_213' title='bbox 186 2219 213 2254; x_wconf 88' lang='lat' dir='ltr'>v.</span> <span class='ocrx_word' id='word_1_214' title='bbox 232 2216 253 2253; x_wconf 85' lang='lat' dir='ltr'>s.</span> <span class='ocrx_word' id='word_1_215' title='bbox 272 2199 331 2268; x_wconf 82' lang='lat'><strong>(50.</strong></span> <span class='ocrx_word' id='word_1_216' title='bbox 351 2199 409 2271; x_wconf 85' lang='grc'>16)</span> 
     </span>
    </p>

    <p class='ocr_par' dir='ltr' id='par_1_8' title="bbox 172 2289 541 2361">
     <span class='ocr_line' id='line_1_22' title="bbox 172 2289 541 2361; baseline 0 -18"><span class='ocrx_word' id='word_1_217' title='bbox 172 2290 202 2361; x_wconf 80' lang='grc'>2)</span> <span class='ocrx_word' id='word_1_218' title='bbox 221 2289 282 2360; x_wconf 89' lang='lat' dir='ltr'>(per</span> <span class='ocrx_word' id='word_1_219' title='bbox 300 2305 362 2343; x_wconf 87' lang='lat' dir='ltr'>eam</span> <span class='ocrx_word' id='word_1_220' title='bbox 380 2289 492 2361; x_wconf 81' lang='lat' dir='ltr'>legem).</span> <span class='ocrx_word' id='word_1_221' title='bbox 512 2289 541 2344; x_wconf 82' lang='lat' dir='ltr'>O.</span> 
     </span>
    </p>

    <p class='ocr_par' dir='ltr' id='par_1_9' title="bbox 171 2377 802 2504">
     <span class='ocr_line' id='line_1_23' title="bbox 171 2377 802 2504; baseline -0.006 -16"><span class='ocrx_word' id='word_1_222' title='bbox 171 2433 200 2504; x_wconf 84' lang='grc'>3)</span> <span class='ocrx_word' id='word_1_223' title='bbox 218 2377 375 2504; x_wconf 66' lang='lat' dir='ltr'>provinoide</span> <span class='ocrx_word' id='word_1_224' title='bbox 394 2432 423 2487; x_wconf 85' lang='lat' dir='ltr'>G.</span> <span class='ocrx_word' id='word_1_225' title='bbox 444 2431 491 2486; x_wconf 91' lang='lat' dir='ltr'>sed</span> <span class='ocrx_word' id='word_1_226' title='bbox 510 2430 582 2486; x_wconf 85' lang='lat' dir='ltr'>falsa</span> <span class='ocrx_word' id='word_1_227' title='bbox 600 2433 644 2486; x_wconf 89' lang='lat' dir='ltr'>est</span> <span class='ocrx_word' id='word_1_228' title='bbox 662 2430 802 2487; x_wconf 88' lang='lat' dir='ltr'>correctio.</span> 
     </span>
    </p>
   </div>
   <div class='ocr_carea' id='block_1_5' title="bbox 172 2517 1321 2595">
    <p class='ocr_par' dir='ltr' id='par_1_10' title="bbox 172 2517 1321 2595">
     <span class='ocr_line' id='line_1_24' title="bbox 172 2517 1321 2595; baseline -0.001 -20"><span class='ocrx_word' id='word_1_229' title='bbox 172 2523 201 2594; x_wconf 84' lang='grc'>4)</span> <span class='ocrx_word' id='word_1_230' title='bbox 220 2539 305 2595; x_wconf 88' lang='lat' dir='ltr'>snpra</span> <span class='ocrx_word' id='word_1_231' title='bbox 322 2522 425 2576; x_wconf 86' lang='lat' dir='ltr'>lineam</span> <span class='ocrx_word' id='word_1_232' title='bbox 444 2519 667 2575; x_wconf 86' lang='lat' dir='ltr'>additamentum</span> <span class='ocrx_word' id='word_1_233' title='bbox 681 2518 841 2575; x_wconf 80' lang='lat' dir='ltr'>correctoris</span> <span class='ocrx_word' id='word_1_234' title='bbox 856 2521 914 2586; x_wconf 89' lang='lat' dir='ltr'>est,</span> <span class='ocrx_word' id='word_1_235' title='bbox 931 2519 1009 2574; x_wconf 89' lang='lat' dir='ltr'>cuins</span> <span class='ocrx_word' id='word_1_236' title='bbox 1024 2517 1160 2588; x_wconf 86' lang='lat' dir='ltr'>posterior</span> <span class='ocrx_word' id='word_1_237' title='bbox 1174 2535 1238 2589; x_wconf 89' lang='lat' dir='ltr'>pars</span> <span class='ocrx_word' id='word_1_238' title='bbox 1253 2536 1321 2574; x_wconf 80' lang='lat' dir='ltr'>anus</span> 
     </span>
    </p>
   </div>
   <div class='ocr_carea' id='block_1_6' title="bbox 130 2607 1320 2789">
    <p class='ocr_par' dir='ltr' id='par_1_11' title="bbox 130 2607 1320 2789">
     <span class='ocr_line' id='line_1_25' title="bbox 131 2607 1320 2682; baseline -0.004 -14"><span class='ocrx_word' id='word_1_239' title='bbox 131 2615 212 2668; x_wconf 84' lang='lat' dir='ltr'>certa</span> <span class='ocrx_word' id='word_1_240' title='bbox 237 2615 293 2678; x_wconf 86' lang='lat' dir='ltr'>est,</span> <span class='ocrx_word' id='word_1_241' title='bbox 318 2611 407 2682; x_wconf 87' lang='lat' dir='ltr'>prior,</span> <span class='ocrx_word' id='word_1_242' title='bbox 426 2627 489 2665; x_wconf 90' lang='lat' dir='ltr'>cum</span> <span class='ocrx_word' id='word_1_243' title='bbox 510 2609 709 2665; x_wconf 79' lang='lat' dir='ltr'>»altomanue”</span> <span class='ocrx_word' id='word_1_244' title='bbox 728 2608 812 2665; x_wconf 88' lang='lat' dir='ltr'>leotio</span> <span class='ocrx_word' id='word_1_245' title='bbox 831 2608 867 2664; x_wconf 89' lang='lat' dir='ltr'>ad</span> <span class='ocrx_word' id='word_1_246' title='bbox 886 2607 987 2664; x_wconf 86' lang='lat' dir='ltr'>ductus</span> <span class='ocrx_word' id='word_1_247' title='bbox 1006 2624 1062 2663; x_wconf 91' lang='lat' dir='ltr'>non</span> <span class='ocrx_word' id='word_1_248' title='bbox 1080 2607 1152 2662; x_wconf 89' lang='lat' dir='ltr'>bene</span> <span class='ocrx_word' id='word_1_249' title='bbox 1169 2607 1320 2678; x_wconf 83' lang='lat' dir='ltr'>quadret‚”</span> 
     </span>
     <span class='ocr_line' id='line_1_26' title="bbox 130 2698 528 2789; baseline -0.008 -33"><span class='ocrx_word' id='word_1_250' title='bbox 130 2719 151 2756; x_wconf 85' lang='lat' dir='ltr'>a</span> <span class='ocrx_word' id='word_1_251' title='bbox 171 2700 250 2757; x_wconf 86' lang='lat' dir='ltr'>Stud.</span> <span class='ocrx_word' id='word_1_252' title='bbox 269 2700 379 2756; x_wconf 86' lang='lat' dir='ltr'>reddita</span> <span class='ocrx_word' id='word_1_253' title='bbox 397 2698 528 2789; x_wconf 67' lang='lat' dir='ltr'>ostiani.</span> 
     </span>
    </p>
   </div>
   <div class='ocr_carea' id='block_1_7' title="bbox 130 2806 1323 3149">
    <p class='ocr_par' dir='ltr' id='par_1_12' title="bbox 130 2806 1323 3149">
     <span class='ocr_line' id='line_1_27' title="bbox 173 2806 1322 2885; baseline -0.002 -19"><span class='ocrx_word' id='word_1_254' title='bbox 173 2815 201 2884; x_wconf 88' lang='grc'>5)</span> <span class='ocrx_word' id='word_1_255' title='bbox 219 2811 353 2868; x_wconf 86' lang='lat' dir='ltr'>excidisse</span> <span class='ocrx_word' id='word_1_256' title='bbox 378 2810 523 2885; x_wconf 71' lang='lat' dir='ltr'>ridentur,</span> <span class='ocrx_word' id='word_1_257' title='bbox 548 2825 619 2880; x_wconf 90' lang='lat' dir='ltr'>quae</span> <span class='ocrx_word' id='word_1_258' title='bbox 638 2809 695 2864; x_wconf 84' lang='lat' dir='ltr'>fere</span> <span class='ocrx_word' id='word_1_259' title='bbox 713 2807 798 2864; x_wconf 87' lang='lat' dir='ltr'>verba</span> <span class='ocrx_word' id='word_1_260' title='bbox 817 2807 853 2861; x_wconf 89' lang='lat' dir='ltr'>ab</span> <span class='ocrx_word' id='word_1_261' title='bbox 872 2807 934 2861; x_wconf 87' lang='lat' dir='ltr'>aliis</span> <span class='ocrx_word' id='word_1_262' title='bbox 952 2806 1014 2862; x_wconf 91' lang='lat' dir='ltr'>edd.</span> <span class='ocrx_word' id='word_1_263' title='bbox 1033 2806 1064 2861; x_wconf 91' lang='lat' dir='ltr'>in</span> <span class='ocrx_word' id='word_1_264' title='bbox 1082 2809 1192 2863; x_wconf 84' lang='lat' dir='ltr'>textum</span> <span class='ocrx_word' id='word_1_265' title='bbox 1210 2811 1322 2879; x_wconf 88' lang='lat' dir='ltr'>recepta</span> 
     </span>
     <span class='ocr_line' id='line_1_28' title="bbox 130 2895 1323 2976; baseline -0.003 -20"><span class='ocrx_word' id='word_1_266' title='bbox 130 2905 201 2958; x_wconf 90' lang='lat' dir='ltr'>sunt</span> <span class='ocrx_word' id='word_1_267' title='bbox 227 2905 290 2976; x_wconf 79' lang='lat' dir='ltr'>[aet</span> <span class='ocrx_word' id='word_1_268' title='bbox 313 2900 426 2958; x_wconf 84' lang='lat' dir='ltr'>eorum”</span> <span class='ocrx_word' id='word_1_269' title='bbox 445 2900 518 2972; x_wconf 77' lang='lat' dir='ltr'>(aliiz</span> <span class='ocrx_word' id='word_1_270' title='bbox 537 2898 719 2971; x_wconf 77' lang='lat' dir='ltr'>ipsorum(‘?))</span> <span class='ocrx_word' id='word_1_271' title='bbox 737 2898 825 2964; x_wconf 86' lang='lat' dir='ltr'>filius,</span> <span class='ocrx_word' id='word_1_272' title='bbox 844 2896 868 2952; x_wconf 93' lang='lat' dir='ltr'>si</span> <span class='ocrx_word' id='word_1_273' title='bbox 886 2899 916 2953; x_wconf 86' lang='lat' dir='ltr'>et</span> <span class='ocrx_word' id='word_1_274' title='bbox 933 2896 993 2968; x_wconf 88' lang='lat' dir='ltr'>ipse</span> <span class='ocrx_word' id='word_1_275' title='bbox 1012 2895 1136 2952; x_wconf 87' lang='lat' dir='ltr'>eiusdem</span> <span class='ocrx_word' id='word_1_276' title='bbox 1154 2897 1323 2954; x_wconf 84' lang='lat' dir='ltr'>condicionis</span> 
     </span>
     <span class='ocr_line' id='line_1_29' title="bbox 132 2986 1323 3064; baseline -0.004 -18"><span class='ocrx_word' id='word_1_277' title='bbox 132 2991 213 3064; x_wconf 84' lang='lat' dir='ltr'>sit&#39;&#39;].</span> <span class='ocrx_word' id='word_1_278' title='bbox 238 2991 365 3048; x_wconf 80' lang='lat' dir='ltr'>Gosohen</span> <span class='ocrx_word' id='word_1_279' title='bbox 384 2990 446 3046; x_wconf 87' lang='lat' dir='ltr'>edd.</span> <span class='ocrx_word' id='word_1_280' title='bbox 468 2990 492 3044; x_wconf 94' lang='lat' dir='ltr'>l.</span> <span class='ocrx_word' id='word_1_281' title='bbox 512 2989 529 3044; x_wconf 81' lang='lat'><strong>2</strong></span> <span class='ocrx_word' id='word_1_282' title='bbox 549 2987 627 3044; x_wconf 90' lang='lat' dir='ltr'>dedit</span> <span class='ocrx_word' id='word_1_283' title='bbox 647 3005 682 3044; x_wconf 86' lang='lat' dir='ltr'>ex</span> <span class='ocrx_word' id='word_1_284' title='bbox 701 2989 736 3060; x_wconf 85' lang='lat' dir='ltr'>oj.</span> <span class='ocrx_word' id='word_1_285' title='bbox 755 2987 818 3043; x_wconf 78' lang='lat' dir='ltr'>Sar.</span> <span class='ocrx_word' id='word_1_286' title='bbox 838 2986 915 3058; x_wconf 79' lang='lat' dir='ltr'>»ipse</span> <span class='ocrx_word' id='word_1_287' title='bbox 933 2987 1050 3043; x_wconf 72' lang='lat' dir='ltr'>Iraiinus</span> <span class='ocrx_word' id='word_1_288' title='bbox 1068 2988 1100 3041; x_wconf 89' lang='lat' dir='ltr'>et</span> <span class='ocrx_word' id='word_1_289' title='bbox 1116 2987 1190 3042; x_wconf 85' lang='lat' dir='ltr'>filius</span> <span class='ocrx_word' id='word_1_290' title='bbox 1206 2989 1237 3043; x_wconf 90' lang='lat' dir='ltr'>et</span> <span class='ocrx_word' id='word_1_291' title='bbox 1253 3003 1323 3044; x_wconf 86' lang='lat' dir='ltr'>uxor</span> 
     </span>
     <span class='ocr_line' id='line_1_30' title="bbox 131 3075 1318 3149; baseline -0.003 -13"><span class='ocrx_word' id='word_1_292' title='bbox 131 3081 193 3136; x_wconf 88' lang='lat' dir='ltr'>eius</span> <span class='ocrx_word' id='word_1_293' title='bbox 211 3083 284 3138; x_wconf 76' lang='lat' dir='ltr'>ote&#39;·</span> <span class='ocrx_word' id='word_1_294' title='bbox 304 3080 352 3136; x_wconf 89' lang='lat' dir='ltr'>sed</span> <span class='ocrx_word' id='word_1_295' title='bbox 371 3096 433 3135; x_wconf 89' lang='lat' dir='ltr'>eam</span> <span class='ocrx_word' id='word_1_296' title='bbox 452 3079 600 3134; x_wconf 83' lang='lat' dir='ltr'>lectionem</span> <span class='ocrx_word' id='word_1_297' title='bbox 618 3076 788 3149; x_wconf 85' lang='lat' dir='ltr'>improbarit</span> <span class='ocrx_word' id='word_1_298' title='bbox 805 3076 835 3132; x_wconf 90' lang='lat' dir='ltr'>in</span> <span class='ocrx_word' id='word_1_299' title='bbox 853 3076 897 3132; x_wconf 90' lang='lat' dir='ltr'>ed.</span> <span class='ocrx_word' id='word_1_300' title='bbox 917 3077 943 3132; x_wconf 87' lang='lat'>3.</span> <span class='ocrx_word' id='word_1_301' title='bbox 962 3075 1110 3133; x_wconf 81' lang='lat' dir='ltr'>Goudsmit</span> <span class='ocrx_word' id='word_1_302' title='bbox 1128 3093 1190 3134; x_wconf 88' lang='lat' dir='ltr'>eam</span> <span class='ocrx_word' id='word_1_303' title='bbox 1209 3077 1318 3148; x_wconf 89' lang='lat' dir='ltr'>probat.</span> 
     </span>
    </p>
   </div>
   <div class='ocr_carea' id='block_1_8' title="bbox 130 3152 1326 3888">
    <p class='ocr_par' dir='ltr' id='par_1_13' title="bbox 544 3152 627 3194">
     <span class='ocr_line' id='line_1_31' title="bbox 544 3152 627 3194; baseline 0 0"><span class='ocrx_word' id='word_1_304' title='bbox 544 3165 555 3194; x_wconf 87' lang='grc' dir='ltr'>ι·</span> <span class='ocrx_word' id='word_1_305' title='bbox 618 3152 627 3194; x_wconf 92' lang='lat'>1</span> 
     </span>
    </p>

    <p class='ocr_par' dir='ltr' id='par_1_14' title="bbox 130 3203 1326 3749">
     <span class='ocr_line' id='line_1_32' title="bbox 172 3203 1322 3299; baseline -0.001 -36"><span class='ocrx_word' id='word_1_306' title='bbox 172 3210 201 3280; x_wconf 89' lang='grc'>6)</span> <span class='ocrx_word' id='word_1_307' title='bbox 220 3209 358 3265; x_wconf 82' lang='lat' dir='ltr'>Sohedae:</span> <span class='ocrx_word' id='word_1_308' title='bbox 384 3209 445 3296; x_wconf 57' lang='lat' dir='ltr'>(gns)</span> <span class='ocrx_word' id='word_1_309' title='bbox 471 3205 668 3299; x_wconf 64' lang='lat' dir='ltr'>[pSolllelIL</span> <span class='ocrx_word' id='word_1_310' title='bbox 687 3206 792 3263; x_wconf 86' lang='lat' dir='ltr'>idest:</span> <span class='ocrx_word' id='word_1_311' title='bbox 804 3203 914 3288; x_wconf 64' lang='lat' dir='ltr'>psoNA</span> <span class='ocrx_word' id='word_1_312' title='bbox 922 3205 1009 3262; x_wconf 62' lang='lat' dir='ltr'>ms·</span> <span class='ocrx_word' id='word_1_313' title='bbox 1028 3208 1079 3278; x_wconf 80' lang='lat' dir='ltr'>(iai</span> <span class='ocrx_word' id='word_1_314' title='bbox 1096 3224 1146 3276; x_wconf 90' lang='lat' dir='ltr'>pro</span> <span class='ocrx_word' id='word_1_315' title='bbox 1167 3211 1194 3262; x_wconf 82' lang='lat' dir='ltr'>in</span> <span class='ocrx_word' id='word_1_316' title='bbox 1213 3205 1322 3278; x_wconf 87' lang='lat' dir='ltr'>saepius</span> 
     </span>
     <span class='ocr_line' id='line_1_33' title="bbox 130 3316 1321 3391; baseline 0.002 -19"><span class='ocrx_word' id='word_1_317' title='bbox 130 3321 177 3374; x_wconf 89' lang='lat' dir='ltr'>est</span> <span class='ocrx_word' id='word_1_318' title='bbox 196 3318 225 3372; x_wconf 91' lang='lat' dir='ltr'>in</span> <span class='ocrx_word' id='word_1_319' title='bbox 245 3317 287 3390; x_wconf 83' lang='lat' dir='ltr'>C.)</span> <span class='ocrx_word' id='word_1_320' title='bbox 307 3319 368 3374; x_wconf 88' lang='lat' dir='ltr'>edd.</span> <span class='ocrx_word' id='word_1_321' title='bbox 389 3319 435 3373; x_wconf 79' lang='lat' dir='ltr'>»in</span> <span class='ocrx_word' id='word_1_322' title='bbox 454 3318 578 3390; x_wconf 87' lang='lat' dir='ltr'>ipsorum</span> <span class='ocrx_word' id='word_1_323' title='bbox 596 3317 681 3374; x_wconf 59' lang='lat' dir='ltr'>filiast*</span> <span class='ocrx_word' id='word_1_324' title='bbox 701 3316 831 3373; x_wconf 80' lang='lat' dir='ltr'>Studem:</span> <span class='ocrx_word' id='word_1_325' title='bbox 848 3317 936 3373; x_wconf 79' lang='lat' dir='ltr'>»mihi</span> <span class='ocrx_word' id='word_1_326' title='bbox 950 3316 1033 3388; x_wconf 83' lang='lat' dir='ltr'>ipsor&#39;</span> <span class='ocrx_word' id='word_1_327' title='bbox 1047 3319 1086 3374; x_wconf 81' lang='lat' dir='ltr'>fil.</span> <span class='ocrx_word' id='word_1_328' title='bbox 1106 3319 1224 3391; x_wconf 88' lang='lat' dir='ltr'>(velfili)</span> <span class='ocrx_word' id='word_1_329' title='bbox 1237 3316 1321 3374; x_wconf 85' lang='lat' dir='ltr'>lectio</span> 
     </span>
     <span class='ocr_line' id='line_1_34' title="bbox 131 3406 1326 3478; baseline 0.001 -16"><span class='ocrx_word' id='word_1_330' title='bbox 131 3424 190 3463; x_wconf 90' lang='lat' dir='ltr'>non</span> <span class='ocrx_word' id='word_1_331' title='bbox 216 3409 286 3464; x_wconf 89' lang='lat' dir='ltr'>bene</span> <span class='ocrx_word' id='word_1_332' title='bbox 312 3408 348 3463; x_wconf 84' lang='lat' dir='ltr'>ad</span> <span class='ocrx_word' id='word_1_333' title='bbox 371 3409 492 3465; x_wconf 88' lang='lat' dir='ltr'>incertas</span> <span class='ocrx_word' id='word_1_334' title='bbox 517 3408 636 3472; x_wconf 64' lang='lat' dir='ltr'>umbras,</span> <span class='ocrx_word' id='word_1_335' title='bbox 653 3407 789 3477; x_wconf 82' lang='lat' dir='ltr'>quadrare</span> <span class='ocrx_word' id='word_1_336' title='bbox 811 3407 872 3463; x_wconf 82' lang='lat' dir='ltr'>visa</span> <span class='ocrx_word' id='word_1_337' title='bbox 895 3407 966 3463; x_wconf 81' lang='lat' dir='ltr'>est.&#39;&#39;</span> <span class='ocrx_word' id='word_1_338' title='bbox 989 3406 1151 3478; x_wconf 80' lang='lat' dir='ltr'>Goudsmit:</span> <span class='ocrx_word' id='word_1_339' title='bbox 1171 3407 1218 3462; x_wconf 78' lang='lat' dir='ltr'>»in</span> <span class='ocrx_word' id='word_1_340' title='bbox 1237 3423 1326 3463; x_wconf 84' lang='lat' dir='ltr'>uxore·</span> 
     </span>
     <span class='ocr_line' id='line_1_35' title="bbox 132 3496 1325 3569; baseline 0.002 -17"><span class='ocrx_word' id='word_1_341' title='bbox 132 3497 227 3552; x_wconf 81' lang='lat' dir='ltr'>Latini</span> <span class='ocrx_word' id='word_1_342' title='bbox 236 3538 335 3552; x_wconf 91' lang='grc'><strong>......</strong></span> <span class='ocrx_word' id='word_1_343' title='bbox 345 3498 369 3552; x_wconf 89' lang='lat' dir='ltr'>si</span> <span class='ocrx_word' id='word_1_344' title='bbox 384 3501 414 3554; x_wconf 91' lang='lat' dir='ltr'>et</span> <span class='ocrx_word' id='word_1_345' title='bbox 428 3497 517 3569; x_wconf 79' lang='lat' dir='ltr'>ipsa&#39;&#39;.</span> <span class='ocrx_word' id='word_1_346' title='bbox 537 3497 591 3554; x_wconf 82' lang='lat' dir='ltr'>Sed</span> <span class='ocrx_word' id='word_1_347' title='bbox 600 3497 685 3567; x_wconf 75' lang='lat' dir='ltr'>finis§</span> <span class='ocrx_word' id='word_1_348' title='bbox 696 3496 704 3537; x_wconf 70' lang='grc' dir='ltr'>ί</span> <span class='ocrx_word' id='word_1_349' title='bbox 714 3497 781 3552; x_wconf 84' lang='lat' dir='ltr'>satis</span> <span class='ocrx_word' id='word_1_350' title='bbox 791 3500 887 3567; x_wconf 86' lang='lat' dir='ltr'>aperte</span> <span class='ocrx_word' id='word_1_351' title='bbox 897 3497 1021 3552; x_wconf 77' lang='lat' dir='ltr'>declarat</span> <span class='ocrx_word' id='word_1_352' title='bbox 1030 3496 1065 3552; x_wconf 89' lang='lat' dir='ltr'>de</span> <span class='ocrx_word' id='word_1_353' title='bbox 1074 3497 1153 3553; x_wconf 84' lang='lat' dir='ltr'>cuius</span> <span class='ocrx_word' id='word_1_354' title='bbox 1162 3497 1325 3554; x_wconf 86' lang='lat' dir='ltr'>condicione</span> 
     </span>
     <span class='ocr_line' id='line_1_36' title="bbox 131 3585 1326 3658; baseline 0.002 -15"><span class='ocrx_word' id='word_1_355' title='bbox 131 3590 248 3658; x_wconf 53' lang='lat' dir='ltr'>agarum</span> <span class='ocrx_word' id='word_1_356' title='bbox 274 3588 309 3642; x_wconf 85' lang='lat' dir='ltr'>of.</span> <span class='ocrx_word' id='word_1_357' title='bbox 333 3589 397 3657; x_wconf 74' lang='lat'>§66</span> <span class='ocrx_word' id='word_1_358' title='bbox 423 3591 492 3642; x_wconf 80' lang='lat' dir='ltr'>»aut</span> <span class='ocrx_word' id='word_1_359' title='bbox 515 3587 603 3642; x_wconf 85' lang='lat' dir='ltr'>civem</span> <span class='ocrx_word' id='word_1_360' title='bbox 622 3587 779 3642; x_wconf 85' lang='lat' dir='ltr'>Romanum</span> <span class='ocrx_word' id='word_1_361' title='bbox 797 3602 832 3641; x_wconf 88' lang='lat' dir='ltr'>ex</span> <span class='ocrx_word' id='word_1_362' title='bbox 851 3585 906 3643; x_wconf 83' lang='lat' dir='ltr'>civi</span> <span class='ocrx_word' id='word_1_363' title='bbox 923 3587 1082 3654; x_wconf 83' lang='lat' dir='ltr'>Romana,”</span> <span class='ocrx_word' id='word_1_364' title='bbox 1102 3588 1132 3642; x_wconf 89' lang='lat' dir='ltr'>et</span> <span class='ocrx_word' id='word_1_365' title='bbox 1149 3585 1263 3644; x_wconf 78' lang='lat' dir='ltr'>initium</span> <span class='ocrx_word' id='word_1_366' title='bbox 1280 3603 1326 3644; x_wconf 85' lang='lat' dir='ltr'>se·</span> 
     </span>
     <span class='ocr_line' id='line_1_37' title="bbox 132 3676 1207 3749; baseline 0.002 -19"><span class='ocrx_word' id='word_1_367' title='bbox 132 3676 246 3746; x_wconf 76' lang='lat' dir='ltr'>quentis</span> <span class='ocrx_word' id='word_1_368' title='bbox 264 3677 391 3749; x_wconf 81' lang='lat' dir='ltr'>paginae.</span> <span class='ocrx_word' id='word_1_369' title='bbox 1204 3682 1207 3686; x_wconf 83' lang='lat'>&#39;</span> 
     </span>
    </p>

    <p class='ocr_par' dir='ltr' id='par_1_15' title="bbox 173 3764 1326 3838">
     <span class='ocr_line' id='line_1_38' title="bbox 173 3764 1326 3838; baseline 0.003 -17"><span class='ocrx_word' id='word_1_370' title='bbox 173 3768 201 3837; x_wconf 79' lang='lat'>7)</span> <span class='ocrx_word' id='word_1_371' title='bbox 211 3765 278 3822; x_wconf 77' lang='lat' dir='ltr'>socii</span> <span class='ocrx_word' id='word_1_372' title='bbox 297 3765 329 3822; x_wconf 74' lang='lat' dir='ltr'>(t.</span> <span class='ocrx_word' id='word_1_373' title='bbox 346 3765 458 3836; x_wconf 87' lang='lat' dir='ltr'>punctis</span> <span class='ocrx_word' id='word_1_374' title='bbox 478 3764 658 3838; x_wconf 85' lang='lat' dir='ltr'>superpositis</span> <span class='ocrx_word' id='word_1_375' title='bbox 678 3764 765 3837; x_wconf 78' lang='lat' dir='ltr'>igitur</span> <span class='ocrx_word' id='word_1_376' title='bbox 780 3765 1004 3822; x_wconf 86' lang='lat' dir='ltr'>semicorrectum</span> <span class='ocrx_word' id='word_1_377' title='bbox 1020 3767 1219 3838; x_wconf 83' lang='lat' dir='ltr'>estmondum,</span> <span class='ocrx_word' id='word_1_378' title='bbox 1230 3770 1326 3825; x_wconf 83' lang='lat' dir='ltr'>ortum</span> 
     </span>
    </p>

    <p class='ocr_par' dir='ltr' id='par_1_16' title="bbox 219 3847 1017 3888">
     <span class='ocr_line' id='line_1_39' title="bbox 219 3847 1017 3888; baseline 0.001 -9"><span class='ocrx_word' id='word_1_379' title='bbox 219 3849 235 3879; x_wconf 89' lang='lat'><strong>0</strong></span> <span class='ocrx_word' id='word_1_380' title='bbox 565 3857 582 3888; x_wconf 73' lang='grc' dir='ltr'><strong>ο</strong></span> <span class='ocrx_word' id='word_1_381' title='bbox 1014 3847 1017 3860; x_wconf 84' lang='grc'><em>“</em></span> 
     </span>
    </p>
   </div>
   <div class='ocr_carea' id='block_1_9' title="bbox 131 3883 1326 4153">
    <p class='ocr_par' dir='ltr' id='par_1_17' title="bbox 131 3883 1326 4153">
     <span class='ocr_line' id='line_1_40' title="bbox 131 3883 679 3964; baseline 0 -16"><span class='ocrx_word' id='word_1_382' title='bbox 131 3910 170 3948; x_wconf 84' lang='lat' dir='ltr'>ex</span> <span class='ocrx_word' id='word_1_383' title='bbox 191 3883 252 3948; x_wconf 62' lang='lat' dir='ltr'>affl</span> <span class='ocrx_word' id='word_1_384' title='bbox 270 3893 354 3948; x_wconf 81' lang='lat' dir='ltr'>m—’&#39;</span> <span class='ocrx_word' id='word_1_385' title='bbox 379 3911 443 3964; x_wconf 86' lang='lat' dir='ltr'>pro:</span> <span class='ocrx_word' id='word_1_386' title='bbox 470 3894 532 3948; x_wconf 83' lang='lat' dir='ltr'>»sui</span> <span class='ocrx_word' id='word_1_387' title='bbox 557 3891 679 3948; x_wconf 83' lang='lat' dir='ltr'>mm-”</span> 
     </span>
     <span class='ocr_line' id='line_1_41' title="bbox 173 3981 1326 4055; baseline 0.004 -18"><span class='ocrx_word' id='word_1_388' title='bbox 173 3984 203 4055; x_wconf 89' lang='lat'>8)</span> <span class='ocrx_word' id='word_1_389' title='bbox 223 3983 287 4039; x_wconf 59' lang='grc' dir='ltr'>»ιθἱ</span> <span class='ocrx_word' id='word_1_390' title='bbox 312 3983 388 4054; x_wconf 88' lang='lat' dir='ltr'>quod</span> <span class='ocrx_word' id='word_1_391' title='bbox 411 3984 458 4040; x_wconf 89' lang='lat' dir='ltr'>hio</span> <span class='ocrx_word' id='word_1_392' title='bbox 481 3982 668 4050; x_wconf 80' lang='lat' dir='ltr'>desideratur,</span> <span class='ocrx_word' id='word_1_393' title='bbox 693 3985 759 4038; x_wconf 89' lang='lat' dir='ltr'>anto</span> <span class='ocrx_word' id='word_1_394' title='bbox 784 3981 827 4036; x_wconf 88' lang='lat' dir='ltr'>bis</span> <span class='ocrx_word' id='word_1_395' title='bbox 847 3984 1034 4042; x_wconf 85' lang='lat' dir='ltr'>undevioonas</span> <span class='ocrx_word' id='word_1_396' title='bbox 1052 3985 1176 4042; x_wconf 82' lang='lat' dir='ltr'>litteras:</span> <span class='ocrx_word' id='word_1_397' title='bbox 1198 3985 1326 4044; x_wconf 76' lang='lat' dir='ltr'>»Parion</span> 
     </span>
     <span class='ocr_line' id='line_1_42' title="bbox 133 4067 1074 4153; baseline 0.002 -19"><span class='ocrx_word' id='word_1_398' title='bbox 133 4097 187 4135; x_wconf 88' lang='lat' dir='ltr'>oss.</span> <span class='ocrx_word' id='word_1_399' title='bbox 207 4080 273 4137; x_wconf 85' lang='lat' dir='ltr'>fact.</span> <span class='ocrx_word' id='word_1_400' title='bbox 293 4067 365 4138; x_wconf 68' lang='lat' dir='ltr'>ee&#39;t&#39;.</span> <span class='ocrx_word' id='word_1_401' title='bbox 384 4080 510 4138; x_wconf 84' lang='lat' dir='ltr'>maiorib.</span> <span class='ocrx_word' id='word_1_402' title='bbox 530 4081 627 4153; x_wconf 62' lang='lat' dir='ltr'>sepa</span> <span class='ocrx_word' id='word_1_403' title='bbox 645 4096 709 4135; x_wconf 88' lang='lat' dir='ltr'>ann.</span> <span class='ocrx_word' id='word_1_404' title='bbox 723 4070 847 4138; x_wconf 53' lang='lat' dir='ltr'>Effisis’r</span> <span class='ocrx_word' id='word_1_405' title='bbox 866 4081 936 4138; x_wconf 81' lang='lat' dir='ltr'>falso</span> <span class='ocrx_word' id='word_1_406' title='bbox 955 4080 1074 4153; x_wconf 83' lang='lat' dir='ltr'>irrepsit.</span> 
     </span>
    </p>
   </div>
   <div class='ocr_carea' id='block_1_10' title="bbox 0 0 1522 4574">
    <p class='ocr_par' dir='ltr' id='par_1_18' title="bbox 0 0 1522 4574">
     <span class='ocr_line' id='line_1_43' title="bbox 0 0 1522 4574; baseline 0 0"><span class='ocrx_word' id='word_1_407' title='bbox 0 0 1522 4574; x_wconf 95' lang='lat' dir='ltr'> </span> 
     </span>
    </p>
   </div>
  </div>
 </body>
</html>
