2880 4614
167 33 233 101 asc
376 6 472 102 -ms'e
495 35 552 100 m.
577 53 622 100 n.
647 33 683 117 §s
707 30 806 99 4-7.
830 50 899 96 nu.
924 52 971 118 pr.
996 32 1059 118 μ,
1085 29 1117 95 a.

164 227 348 304 ostendunt,
370 248 444 291 cum
463 246 556 290 nemo
575 246 734 291 successor
745 225 784 290 ab
797 227 947 290 intestato
959 225 1092 289 existat:
1105 243 1181 309 ergo
1193 219 1344 306 quamdiu

165 334 323 398 incertum
347 335 405 410 sit,
429 337 540 397 utrum
564 334 679 397 existat
703 353 742 396 an
765 352 838 407 non,
867 330 1001 396 cessabit
1019 331 1219 394 constitutio:
1242 329 1269 391 si
1279 347 1343 390 cer·

163 443 236 502 tum
260 459 327 504 esse
349 441 485 524 coeperit
507 441 666 503 nemiuem
691 443 814 515 extare,
834 443 909 503 tunc
927 439 989 502 erit
1006 437 1226 501 constitutioni
1244 433 1342 497 locus.

165 543 201 610 Si
231 547 273 622 is,
306 547 360 629 qui
388 547 421 608 in
443 547 606 632 integrum
629 547 757 611 restitui
779 549 902 629 potest,
926 543 1080 608 abstinuit
1103 563 1135 608 se
1158 541 1198 606 ab
1221 539 1366 604 heredi-s
1437 561 1438 568 ¹

164 655 246 734 tate,
276 672 333 730 an,
364 651 511 735 quamvis
541 655 645 734 potest
675 653 708 714 in
736 653 899 738 integrum
923 651 1067 725 restitui,
1091 652 1196 733 potest
1215 647 1346 711 admitti
1438 680 1439 683 κ

164 759 349 823 constitutio
373 761 405 821 et
429 757 568 822 addictio
591 759 746 822 bonorum
769 754 860 821 fieri?
892 757 969 841 quid
992 776 1084 843 ergo,
1110 757 1136 818 si
1160 757 1232 839 post
1258 751 1344 817 addi·
1437 751 1438 754 ’

121 875 125 882 ’
164 866 301 930 ctionem
333 863 517 928 libertatum
551 864 834 930 conservandarum
863 884 958 928 causa
984 863 1100 927 factam
1122 863 1155 924 in
1180 863 1343 946 integrum

162 972 205 1034 sit
237 966 425 1034 restitutus?
459 971 571 1054 utique
605 991 667 1034 non
702 973 764 1035 erit
798 970 967 1036 dicendum
1001 959 1142 1033 revocari
1165 966 1344 1046 libertates,

85 1118 87 1123 ,
165 1096 244 1160 quae
274 1074 374 1140 semel
396 1078 638 1161 competierunt.
684 1076 773 1141 Haec
796 1077 981 1141 constitutio
1003 1075 1190 1141 libertatum
1213 1071 1368 1137 tuenda-c

164 1202 237 1246 rum
269 1201 363 1246 causa
391 1182 573 1248 introducta
595 1188 659 1248 est:
684 1203 760 1270 ergo
784 1184 812 1247 si
834 1181 996 1246 libertates
1018 1180 1125 1245 nullae
1147 1183 1213 1244 sint
1235 1179 1344 1254 datae,

162 1291 263 1352 cessat
285 1290 479 1354 constitutio.
505 1289 582 1373 quid
605 1309 698 1376 ergo,
724 1289 752 1353 si
774 1290 869 1353 vivus
893 1288 980 1352 dedit
1001 1287 1165 1352 libertates
1188 1285 1242 1352 vel
1260 1305 1344 1350 mor-

163 1395 205 1458 tis
236 1414 330 1458 causa
361 1397 409 1471 et,
432 1416 477 1460 ne
500 1395 539 1459 de
561 1393 621 1461 hoc
644 1399 830 1480 quaeratur,
852 1399 963 1459 utrum
986 1395 1018 1457 in
1043 1393 1188 1458 fraudem
1211 1392 1345 1457 credito

162 1521 236 1564 rum
271 1520 311 1578 an
344 1518 407 1565 non
441 1500 563 1566 factum
593 1503 653 1578 sit,
684 1501 802 1567 idcirco
830 1499 932 1566 velint
962 1499 1067 1564 addici
1096 1500 1158 1564 sibi
1180 1499 1280 1575 bona,
1308 1519 1347 1562 an

164 1606 313 1671 audiendi
343 1603 436 1671 sunt?
468 1611 499 1672 et
529 1609 634 1694 magis
658 1611 723 1684 est,
749 1611 787 1671 ut
810 1606 914 1671 audiri
938 1605 1089 1682 debeant,
1114 1607 1175 1670 etsi
1197 1603 1347 1670 deficiant

163 1712 260 1777 verba
283 1715 528 1778 constitutionis.
576 1711 638 1778 Sed
659 1735 734 1778 cum
756 1713 876 1778 multas
899 1713 1070 1777 divisiones
1093 1714 1250 1778 eiusmodi
1273 1733 1371 1778 con-r

164 1819 325 1883 stitutioni
355 1819 461 1884 deesse
491 1823 724 1906 perspeximus,
755 1820 822 1886 lata
845 1825 893 1885 est
913 1841 931 1885 a
953 1820 1045 1884 nobis
1067 1818 1250 1905 plenissima
1273 1839 1344 1882 con-

163 1925 308 2001 stitutio,
343 1926 377 1988 in
412 1945 509 2010 quam
545 1926 667 1993 multae
702 1929 820 2012 species
856 1926 989 1991 collatae
1020 1929 1112 2002 sunt,
1147 1926 1262 2010 quihus
1296 1927 1348 1989 ius

164 2029 348 2094 huiusmodi
376 2034 581 2098 successionis
603 2033 827 2117 plenissimum
852 2035 899 2098 est
920 2032 1087 2108 effectum,
1113 2051 1191 2116 quas
1213 2051 1253 2095 ex
1276 2033 1349 2116 ipsa

164 2134 299 2201 lectione
323 2139 557 2203 constitutionis
583 2143 687 2224 potest
709 2141 781 2224 quis
805 2158 1001 2228 cognoscere.

713 2327 801 2393 XIII.

552 2495 602 2554 DE
624 2495 954 2558 OBLIGATIONIBUS.

209 2651 315 2724 Nunc
337 2663 556 2726 transeamus
581 2655 627 2726 ad
651 2655 899 2753 obligationes.
923 2658 1077 2745 obligatio
1089 2663 1137 2724 est
1148 2661 1227 2724 iuris
1239 2662 1351 2725 vincu-

162 2769 248 2842 lum,
273 2789 335 2853 quo
354 2771 540 2835 necessitate
559 2770 789 2858 adstringimur
809 2771 945 2837 alicuius
965 2772 1132 2838 solvendae
1152 2775 1216 2849 rei,
1239 2794 1351 2838 secun-

165 2875 242 2939 dum
262 2880 386 2940 nostrae
406 2878 547 2940 civitatis
563 2878 641 2940 iura.
676 2877 832 2942 Omnium
852 2883 959 2944 autem
972 2878 1207 2966 obligationum
1220 2901 1371 2944 summas

115 3051 117 3056 ,
164 2980 277 3046 divisio
307 2983 340 3044 in
372 2966 434 3046 duo
465 3003 582 3068 genera
612 2982 789 3048 diducitur:
822 3006 958 3070 namque
981 2990 1037 3050 aut
1060 2984 1170 3050 civiles
1193 2992 1268 3050 sunt
1294 2992 1350 3050 aut

161 3088 346 3170 praetoriae.
393 3086 503 3152 civiles
526 3094 617 3172 sunt,
642 3111 722 3174 quae
746 3095 801 3155 aut
823 3091 950 3178 legibus
974 3094 1163 3157 constitutae
1187 3096 1244 3157 aut
1263 3099 1349 3157 certe

162 3192 232 3256 iure
256 3192 344 3258 civili
367 3195 587 3279 comprobatae
610 3201 685 3260 sunt
744 3199 919 3281 praetoriae
942 3203 1033 3274 sunt,
1058 3219 1136 3283 quas
1159 3203 1288 3282 praetor
1313 3221 1349 3264 ex

163 3317 221 3361 sua
255 3299 472 3364 iurisdictione
508 3304 690 3386 constituit,
726 3324 806 3387 quae
838 3306 935 3368 etiam
965 3304 1149 3369 honorariae
1182 3309 1346 3370 vocantur.

162 3400 303 3487 Sequens
326 3391 443 3470 divisio
465 3408 499 3470 in
523 3412 673 3491 quattuor
696 3411 815 3492 species
836 3409 1015 3474 diducitur:
1037 3415 1093 3474 aut
1108 3411 1195 3474 enim
1215 3431 1255 3474 ex
1274 3433 1370 3477 con-a

162 3513 267 3574 tractu
299 3516 373 3575 sunt
406 3517 462 3576 aut
491 3517 580 3598 quasi
611 3535 648 3579 ex
673 3520 835 3581 contractu
859 3521 915 3581 aut
938 3537 976 3580 ex
999 3513 1154 3582 maleficio
1177 3521 1235 3581 aut
1258 3521 1350 3601 quasi

164 3635 202 3678 ex
235 3613 400 3681 maleficio.
449 3620 537 3702 prius
568 3627 632 3698 est,
657 3625 694 3686 ut
717 3622 755 3686 de
778 3622 828 3686 his
851 3643 930 3706 quae
955 3643 993 3686 ex
1016 3627 1179 3687 contractu
1202 3629 1279 3687 sunt
1304 3625 1347 3689 di-

163 3722 343 3804 spiciamus.
391 3723 506 3788 harum
542 3747 639 3811 aeque
674 3732 824 3812 quattuor
857 3731 976 3812 species
1006 3734 1097 3792 sunt:
1123 3734 1180 3794 aut
1203 3732 1292 3794 enim
1317 3753 1348 3794 re

163 3828 393 3894 contrahuntur
424 3835 481 3894 aut
512 3833 616 3898 verbis
646 3839 702 3898 aut
734 3833 849 3898 litteris
882 3839 938 3898 aut
961 3854 1122 3901 consensu.
1170 3835 1347 3932 dequibus

162 3932 297 4021 singulis
321 3934 537 4020 dispiciamus.
