3024 4574
611 16 666 68 osr
687 2 713 69 I.
737 4 820 90 §td

126 192 221 258 liceat
241 193 246 277 Ι
268 212 364 277 quam
380 213 418 256 ex
438 192 634 259 antecedenti
652 213 784 258 numero
804 193 897 258 licuit
902 214 910 272 ;
936 199 968 260 et
986 195 1045 260 hoc
1064 197 1131 280 ipsa
1151 197 1157 281 Ι
1177 196 1292 260 ratione
1315 217 1349 273 ro,
1362 217 1389 261 ro

117 295 315 386 pro¹)visum
346 301 408 362 est:
442 303 509 362 erat
532 300 617 363 enim
641 318 714 363 sene
737 299 926 378 absurdum,
939 298 1021 388 utX
1033 294 1044 386 ‘t
1065 301 1292 368 servorumdo·
1316 322 1340 366 rr

124 406 212 470 mino
235 405 373 490 quinque
394 403 528 470 liberare
549 404 677 483 liceret,
699 407 704 488 Ι
725 407 799 490 quia
817 426 916 490 usque
936 405 975 470 ad
987 405 1156 470 dimidiam
1167 412 1290 491 partem
1312 429 1339 472 aa

125 513 194 576 eius
223 511 350 574 numeri
374 511 608 596 manumittetre
631 513 661 575 ei
683 510 880 588 conceditur,
907 515 939 576 at
959 509 1023 576 XII
1042 531 1148 578 servos
1165 512 1295 578 habenti
1317 534 1344 577 aa

126 637 189 681 nou
213 615 320 701 plures
340 613 345 700 Ι
365 614 474 681 ficeret
503 618 730 681 manumittere
761 637 857 701 quam
893 614 953 695 IV,
986 621 1019 682 at
1043 618 1088 682 eis
1112 619 1167 703 qui
1189 617 1295 702 plures
1317 639 1344 682 a

123 742 222 808 quam
245 721 278 786 X
299 719 465 808 nequent
501 769 1014 787 ..........
1049 797 1051 808 Ι
1063 769 1296 788 .....
1339 720 1435 896 (12)”)

282 833 285 836 ⁴
1355 833 1394 880 80,

1317 920 1425 1005 (1-e)

117 1059 321 1070 ...—

160 1164 184 1238 1)
205 1163 241 1216 ad
266 1163 317 1216 has
342 1163 450 1218 litteras
474 1163 654 1234 capessendas
684 1164 806 1234 spatium
830 1165 938 1222 suffieit.
959 1164 1105 1222 Goudsmit
1124 1167 1258 1239 cogitavit
1276 1165 1310 1220 de

119 1253 362 1307 senatusconsulto
386 1253 521 1322 quodam;
542 1254 590 1306 ssd
609 1270 641 1308 eo
660 1269 756 1310 vereor
774 1259 807 1310 ut
826 1273 894 1326 opus
914 1257 1007 1312 fuerit.
1036 1257 1077 1312 De
1097 1257 1185 1312 forma
1204 1255 1308 1311 indica·

118 1343 174 1401 tiri
194 1345 274 1417 perat
292 1359 357 1398 sane
376 1343 545 1396 absurdum”
565 1343 599 1397 cf.
621 1343 666 1398 Gr.
686 1344 736 1398 lat.
755 1345 847 1400 Madv.
869 1347 959 1416 5373.
981 1347 1005 1400 1.
1026 1347 1127 1416 Zumpt
1146 1348 1248 1418 salec.

159 1435 185 1504 ²¹)
206 1431 240 1486 de
266 1432 383 1502 paginae
402 1432 545 1487 exterioris
564 1433 683 1488 lectione
702 1433 903 1504 desperandum
923 1438 983 1502 est;
1003 1437 1084 1492 nimis
1103 1438 1222 1492 incertos
1241 1437 1306 1490 duc·

118 1526 183 1588 tus,
204 1523 255 1592 qui
272 1523 375 1592 passim
394 1525 531 1592 apparent
549 1523 662 1577 reddere
681 1523 785 1578 nolui.”
1398 1585 1400 1589 ,

159 1613 235 1678 Quae
263 1611 397 1682 perierint
423 1613 520 1668 taliter
547 1613 683 1693 qualiter,
699 1622 744 1684 ¹ut
769 1613 901 1680 dicimus,
922 1615 1048 1686 cognosci
1067 1619 1184 1686 possunt
1202 1634 1236 1671 ex
1256 1615 1308 1670 Gai
1360 1603 1362 1607 ⁸

118 1703 266 1773 Epitomes
285 1703 313 1768 Ι,
324 1703 359 1760 ,Π
369 1744 375 1768 ,
395 1704 453 1771 §22
475 1703 566 1757 »Nam
586 1703 609 1757 si
628 1703 727 1772 aliquis
746 1706 914 1759 testamento
933 1705 1026 1775 plures
1045 1706 1241 1761 manumittere
1260 1723 1307 1761 vo·

118 1793 222 1859 luerit,
247 1810 332 1862 quam
357 1796 427 1863 quot
445 1793 571 1848 continet
589 1810 719 1848 numerus
738 1811 821 1864 supra
841 1794 975 1864 scriptus,
994 1795 1060 1850 ordo
1080 1795 1229 1850 serrandus
1248 1799 1305 1861 est,

121 1885 156 1937 ut
175 1882 233 1936 illis
251 1885 363 1937 tantum
383 1883 497 1938 libertas
516 1883 622 1948 valeat,
639 1883 687 1952 qui
705 1883 782 1953 prius
800 1884 962 1938 manumissi
982 1887 1062 1952 sunt,
1079 1902 1165 1954 usquo
1181 1884 1217 1938 ad
1226 1884 1314 1940 illum

77 1973 80 1982 ’
118 1990 285 2038 numerum,
304 1989 386 2041 quem
403 1972 563 2042 explanatio
578 1971 702 2028 eontinet
717 1972 842 2042 superius
860 1973 1070 2043 comprehensa:
1080 1975 1128 2042 qui
1138 1991 1201 2030 vero
1211 1977 1308 2044 postea

121 2081 207 2133 supra
227 2061 411 2118 constitutum
429 2079 575 2118 numerum
595 2061 756 2117 manumissi
775 2062 920 2134 leguntur,
939 2064 969 2116 in
988 2063 1121 2118 servitute
1140 2081 1187 2120 eos
1202 2067 1309 2119 certum

119 2156 165 2208 est
186 2137 357 2222 permanere.
394 2152 474 2218 Quod
497 2152 521 2206 si
543 2169 598 2208 non
616 2152 781 2207 nominatim
801 2153 872 2207 servi
891 2153 933 2208 vei
955 2153 1072 2226 ancillae
1091 2153 1120 2208 in
1139 2156 1308 2208 testamento

121 2242 376 2307 manumittantur,
402 2233 451 2295 sed
478 2241 590 2297 confuse
613 2258 708 2297 omnes
732 2259 824 2298 servos
849 2259 911 2297 suos
935 2242 978 2298 vel
998 2244 1114 2299 ancillas
1132 2242 1169 2309 is,
1188 2244 1236 2313 qui
1254 2247 1308 2298 tes·

120 2334 282 2388 tamentum
308 2330 392 2396 iacit,
417 2331 518 2386 liberos
544 2331 631 2386 facere
650 2330 784 2397 voluerit,
803 2331 875 2385 nulii
893 2332 1004 2402 penitus
1023 2333 1102 2388 firma
1120 2350 1179 2388 esse
1197 2333 1310 2387 iubetur

121 2423 177 2478 hoc
197 2421 293 2478 ordine
311 2421 378 2476 data
394 2421 524 2487 libertam
544 2419 592 2475 sed
610 2437 705 2476 omues
723 2419 752 2474 in
772 2420 866 2475 servili
884 2421 1058 2480 condicione.
1077 2422 1126 2491 qui
1143 2423 1195 2477 hoc
1214 2421 1308 2476 ordine

119 2511 286 2568 manumissi
316 2513 382 2566 sunt
414 2511 624 2580 permanebunt.
659 2508 744 2581 [Nam
773 2509 826 2565 etsi
848 2511 890 2565 ita
911 2510 941 2564 in
972 2513 1140 2566 testamento
1169 2529 1308 2567 servorum

120 2601 305 2658 manumissio
330 2600 427 2666 tirerit,
450 2599 480 2653 id
505 2601 549 2654 est
570 2599 600 2653 in
626 2599 744 2666 circulo,
769 2603 803 2656 ut
826 2601 874 2670 qui
895 2601 984 2670 prior,
1000 2601 1049 2670 qui
1067 2601 1202 2672 posterior
1220 2600 1309 2656 nomi·

121 2695 209 2748 natus
229 2691 281 2756 sit,
299 2707 354 2746 non
374 2690 463 2760 possit
482 2689 609 2760 agnosci,
633 2688 705 2742 nulli
728 2706 761 2744 ex
780 2689 824 2744 his
842 2690 1001 2746 libertatern
1021 2682 1121 2745 valere'
1132 2691 1311 2746 manifestum

121 2785 183 2848 est,
203 2781 228 2835 si
246 2779 358 2852 agnosci
380 2797 436 2834 non
454 2781 563 2850 potest,
582 2779 631 2848 qui
654 2778 742 2848 prior,
763 2780 811 2850 qui
830 2780 966 2850 posterior
974 2780 1059 2835 fuerit
1069 2781 1274 2850 manumissus]
1287 2783 1309 2850 ¹)

122 2875 152 2944 (ᾖ
165 2873 207 2942 3.)
234 2871 308 2925 Nam
332 2871 357 2925 si
378 2869 479 2940 aliquis
504 2868 533 2922 in
559 2868 732 2939 aegritudine
759 2869 927 2925 constitutus
947 2869 976 2923 in
995 2869 1122 2924 fraudem
1140 2869 1222 2926 huius
1240 2868 1310 2940 logis

120 2963 215 3017 tacere
240 2959 362 3028 noluerit
387 2960 600 3023 testamentum,
627 2957 675 3012 sed
701 2957 825 3028 epistolis
851 2961 901 3013 aut
926 2959 1137 3029 quibuscunque
1155 2959 1237 3014 rebus
1255 2976 1311 3014 ser·

123 3053 168 3108 ris
198 3051 254 3106 suia
279 3049 417 3120 pluribus,
440 3065 525 3119 qnam
550 3063 600 3118 per
624 3049 824 3102 testamentum
849 3047 929 3114 licet,
949 3049 1071 3105 conterre
1091 3049 1210 3105 voluerit
1227 3049 1312 3104 liber·

126 3145 220 3208 tates,
239 3143 269 3195 et
287 3140 338 3194 sub
357 3141 482 3209 tempore
498 3137 595 3194 mortis
613 3137 667 3193 hoc
685 3137 793 3206 fecerit,
810 3137 853 3204 hi,
870 3139 918 3209 qui
934 3138 1010 3210 prius
1020 3139 1182 3194 manumissi
1191 3139 1310 3206 fuerint,

122 3248 215 3301 usque
240 3230 276 3284 ad
295 3245 441 3284 numerum
459 3227 583 3298 superius
603 3227 787 3283 coustitutum
806 3227 888 3283 liberi
906 3232 989 3285 amnt
995 3253 1003 3296 ς
1023 3229 1154 3300 quivero
1173 3231 1237 3300 post
1255 3231 1312 3284 sta·

121 3323 222 3376 tutum
247 3335 393 3374 numerum
418 3316 580 3372 manumissi
604 3316 720 3384 fuerint,
737 3317 816 3378 servi.
828 3317 886 3373 sine
905 3319 989 3374 dubio
998 3306 1209 3390 permanebunt.
1228 3322 1256 3390 (θ
1273 3319 1312 3390 4).

121 3411 201 3467 Nam
217 3408 240 3464 si
258 3407 403 3464 incolumis
421 3395 608 3478 quoscumque
627 3407 714 3480 (leget
734 3410 935 3480 quotcumque)
954 3409 1061 3464 diverso
1080 3411 1312 3479 temporcmanu·

123 3500 219 3566 misit,
238 3499 391 3564 intereos,
412 3499 461 3568 qui
482 3515 532 3568 per
550 3499 752 3553 testamentum
771 3497 932 3552 manumissi
952 3501 1032 3567 sunt,
1055 3499 1215 3556 nullatenus
1237 3517 1312 3555 com·

123 3591 272 3662 putentur.
832 3609 833 3614 ¹

122 3749 313 3763 m.—

167 3854 195 3924 1)
217 3855 228 3924 [
247 3853 260 3922 ]
280 3851 415 3906 habemus
434 3849 586 3906 etiamdum
606 3849 681 3920 apud
699 3850 791 3921 ipsum
810 3849 922 3908 Gaium:
942 3855 975 3907 ut
993 3853 1093 3908 incerti
1112 3853 1198 3910 amus
1217 3861 1312 3914 utrum

124 3944 200 3996 quae
225 3927 301 3997 apic.
321 3929 355 3996 ἐξ
367 3927 392 3981 3.
409 3926 435 3980 4.
454 3925 586 3996 leguntur
604 3925 658 3981 hac
675 3925 779 3996 pagina
797 3925 943 3995 perierint,
963 3945 999 3981 an
1017 3929 1188 4001 negligentia
1207 3933 1313 3988 scribae

127 4002 231 4057 omissa
249 4001 449 4071 firerint'(anta
468 4000 553 4072 548.)
971 4007 975 4012 ’
