2880 4614
498 61 845 151 mmpmu.
1195 70 1262 140 aa

7 242 43 329 l8)
123 242 229 319 Nunc
255 260 475 322 transeamus
496 255 535 319 ad
555 255 763 344 obligationes
776 253 822 341 1):
843 278 979 343 quarum
992 256 1282 348 sum]madivisioa
1306 259 1370 327 151

81 367 116 428 in
147 365 226 430 duas
257 369 376 451 species
407 368 588 448 diducitur;
613 373 717 435 omnis
741 372 825 435 enim
846 371 851 455 Ι
872 371 1026 460 obligatio
1048 373 1101 439 vel
1125 395 1164 439 ex
1187 396 1282 440 con-s
1312 360 1392 447 ¹⁰⁴¹*l

6 468 41 555 e)
76 475 181 536 tractu
204 475 344 536 nascitur
366 473 420 539 vel
443 495 481 539 ex
504 475 630 541 delicto.
651 478 657 560 Ι
677 476 720 540 at
739 479 827 562 prius
846 477 1013 544 videamus
1040 479 1078 544 de
1097 480 1165 564 his,
1179 502 1283 566 quaes

75 601 113 643 ex
144 584 307 646 contractu
337 585 518 646 nascuntur.
540 583 545 668 Ι
565 580 690 648 Herum
723 588 832 648 autem
855 588 1006 668 quattuor
1028 607 1143 673 genera
1166 592 1283 655 sunt:a

74 691 131 748 aut
161 689 245 750 enim
275 707 308 750 re
341 683 591 775 [con]tralhitur
612 688 786 776 obligatio,
811 695 866 754 aut
890 691 1014 770 verbis,
1040 698 1096 758 sut
1118 693 1282 780 litteris,e

72 803 130 865 aut
152 819 314 866 consensu.

102 1050 130 1119 ¹⁶)
150 1067 230 1120 apag.
250 1048 366 1105 interior
382 1048 519 1118 facillime¹
533 1049 666 1122 legitur.”

105 1139 135 1206 l)
154 1138 194 1193 Ut
219 1138 303 1194 Gaius
322 1140 365 1206 II,
386 1141 480 1210 galo,
500 1141 580 1196 nulla
598 1158 681 1196 eausa
698 1140 812 1208 addita,
833 1141 955 1212 scripsit:
978 1160 1067 1196 »nunc
1087 1145 1261 1198 transeamus

64 1222 102 1279 ed
130 1227 368 1296 fideicommissa”,
397 1231 436 1285 sic
460 1231 506 1285 bie
532 1249 587 1287 non
613 1234 670 1298 est,
696 1231 771 1302 quod
794 1231 966 1299 dubitemus,
996 1248 1030 1288 ex
1049 1234 1142 1288 Instit.
1157 1227 1262 1289 ‘codicis

64 1316 156 1370 nostri
174 1318 297 1388 spatium
316 1337 436 1375 vacuum
456 1322 566 1392 explere
585 1324 618 1376 ut
636 1321 776 1394 legamus:
800 1341 892 1377 »nnnc
911 1325 1085 1378 transeamus
1101 1324 1138 1378 ad
1155 1323 1261 1395 obliga-

64 1405 184 1475 tiones''‚
210 1409 278 1464 licet
297 1410 415 1466 strictim
435 1411 687 1479 considerantibus,
707 1413 792 1483 paulo
812 1413 954 1468 obscurior
972 1413 1010 1469 sit
1028 1415 1113 1480 ratio,
1131 1431 1180 1468 cur
1198 1418 1261 1469 tan-

63 1494 131 1550 dem
157 1497 194 1551 sd
218 1517 265 1554 eas
290 1501 492 1556 transeundum
511 1503 605 1558 fuerit.
644 1503 763 1559 Causam
782 1521 839 1559 non
857 1520 916 1558 esse
935 1519 1012 1570 eam,
1032 1521 1117 1572 quam
1136 1503 1261 1574 Theoph.

63 1587 187 1658 allegat,
211 1589 286 1658 quod
314 1591 487 1660 pertinerent
515 1594 622 1648 scilicet
641 1593 676 1648 ad
696 1594 835 1660 ausones,
855 1594 992 1668 (ursum,
1002 1596 1072 1650 iuris
1091 1595 1232 1651 obiectum
1242 1598 1261 1666 ,)

63 1681 188 1732 »matres
217 1679 377 1736 actionum*
407 1715 439 1722 -
470 1700 516 1737 eas
543 1684 617 1738 enim
642 1701 701 1739 esse
726 1685 910 1756 obligationes
941 1717 973 1726 -
1008 1703 1070 1740 cum
1097 1685 1160 1739 aliis
1179 1703 1260 1756 argu·

63 1769 169 1823 mentis
196 1769 278 1824 facile
302 1772 442 1844 arguitur,
467 1776 529 1828 tum
554 1792 619 1830 vero
644 1773 688 1829 his
720 1774 843 1841 duobus,
866 1775 987 1846 primum
1012 1775 1087 1846 quod
1112 1792 1161 1831 eae
1185 1777 1260 1830 certe

62 1859 265 1931 obligationes,
295 1862 330 1917 de
364 1864 465 1933 quibus
500 1865 584 1918 Gaius
619 1865 678 1937 egit
711 1867 741 1920 in
770 1866 965 1935 sequentibus,
994 1865 1091 1934 utique
1119 1883 1176 1921 rrorr
1203 1866 1260 1921 sint

63 1952 206 2006 »matres”
232 1953 356 2008 omnium
385 1953 542 2020 actionum3
566 1954 666 2010 deinde
691 1973 770 2021 sero,
796 1956 871 2024 quod
894 1955 953 2026 ipse
980 1955 1067 2024 Gaius
1084 1971 1140 2012 non
1159 1956 1195 2010 ad
1214 1974 1259 2014 ao-

61 2040 156 2096 tiones
183 2041 304 2099 soluerit
332 2044 449 2116 obligat.
478 2044 633 2114 pertinere,
659 2064 728 2115 quas
753 2045 813 2116 ipse
838 2050 1051 2102 connumeraret
1068 2047 1108 2116 (II
1127 2049 1203 2118 114)
1222 2047 1259 2101 ad

62 2151 108 2186 res
132 2133 331 2204 (incorporales
349 2135 478 2207 scilicet).
516 2136 556 2191 Ut
574 2139 670 2191 autem
689 2155 753 2192 cum
769 2136 803 2192 de
822 2137 999 2193 testamentis
1015 2137 1129 2209 egisset,
1149 2137 1186 2192 ad
1203 2141 1260 2193 tes-

61 2227 254 2280 tamentorum
273 2224 468 2296 Mperfectum
487 2228 627 2297 quoddam
646 2245 734 2301 genus
756 2260 789 2268 —
809 2227 974 2284 fideicomm.
996 2229 1055 2284 scil.
1076 2259 1110 2268 -
1131 2227 1260 2295 transiit,

60 2315 103 2369 sic
121 2319 189 2371 υετίε
206 2320 394 2372 accessionum
411 2321 546 2390 generibus
565 2323 701 2390 expositis,
721 2305 889 2374 transmari
907 2319 952 2374 ius
961 2319 1183 2390 obligationum,
1194 2337 1261 2391 quae

60 2409 139 2478 apud
158 2418 253 2464 semea
278 2409 412 2464 Romam
434 2411 588 2480 imperfecta
613 2413 691 2482 quusi
715 2411 840 2464 accessio
858 2411 1000 2464 videtum
1038 2408 1112 2462 Nam
1131 2410 1164 2463 ut
1182 2425 1260 2478 repe-

59 2501 140 2563 tam,
159 2515 230 2567 quae
250 2499 347 2566 1111,
367 2500 432 2570 §14
451 2500 561 2570 scripsi,
582 2499 629 2553 »id
647 2501 727 2570 quasi
746 2499 913 2570 principium
930 2500 959 2553 et
973 2497 1188 2553 fundamentum
1205 2499 1260 2554 fuit

57 2587 151 2642 totius
167 2604 262 2643 eorum
277 2588 345 2643 iuris
365 2589 482 2659 privati,
502 2600 531 2644 ut
549 2593 655 2662 quisque
673 2600 786 2646 uteretrc
804 2593 858 2644 suis
874 2607 924 2660 pro
942 2589 1004 2642 auis.
1034 2587 1166 2642 Sitamen
1179 2607 1259 2643 causa

59 2679 147 2732 aare
162 2680 297 2750 obliquari-r·
310 2661 441 2750 superine
453 2690 478 2735 er
493 2682 539 2752 qn·
552 2683 600 2734 soc
614 2683 744 2734 111111
754 2691 933 2734 contracturus
943 2680 1009 2744 fust,
1019 2681 1111 2744 voluit,
1121 2681 1173 2733 sve
1182 2679 1260 2733 esem

52 2769 132 2840 flagi
148 2772 235 2840 potuit
257 2773 379 2837 uoluisse,
406 2771 448 2840 (in
474 2771 647 2839 maleficiis,)
670 2772 732 2824 tum
760 2769 945 2824 nectebantur
964 2768 1044 2837 qussi
1061 2767 1185 2823 dominia
1204 2767 1259 2824 duo

57 2861 147 2914 antea
165 2875 275 2929 prorsus
295 2864 439 2931 separata,
459 2864 488 2916 et
506 2861 554 2931 qui
574 2863 655 2931 pater
674 2859 740 2914 lam.
760 2862 845 2915 antea
864 2860 1005 2929 »optimus
1021 2857 1177 2914 maximus”
1188 2858 1258 2929 (gal-

57 2949 131 3004 lioe:
154 2953 336 3024 »resarciet
355 2952 462 3018 luerat;
481 2951 556 3006 idem
575 2951 670 3021 potuit
685 2950 760 3022 cogi,
778 2953 811 3006 ut
827 2949 909 3004 alteri
926 2951 1033 3015 »duret,
1047 2950 1257 3018 1111111111-

58 3050 144 3094 staret
168 3040 292 3110 aliquid”
321 3073 352 3082 -
380 3042 415 3096 ci.
435 3043 453 3097 l.
474 3042 490 3096 3
510 3060 551 3111 pr.
571 3041 605 3096 D.
626 3041 660 3095 de
680 3040 711 3096 Ο.
731 3052 761 3096 et
779 3040 812 3095 Α.
833 3040 894 3111 (44,
915 3042 946 3110 7)
966 3071 1009 3094 -.
1029 3040 1089 3094 Hae
1108 3055 1173 3110 ergo
1193 3040 1259 3094 sunt

57 3129 259 3202 obligationes,
288 3148 359 3201 quae
386 3131 522 3202 »propriis
547 3131 653 3187 viribus
679 3130 853 3186 consistunt*
882 3162 914 3170 -
943 3129 978 3184 cf.
1005 3127 1201 3184 1271111.
1223 3160 1256 3170 -

57 3218 102 3292 (in
118 3220 220 3289 quibus
236 3220 342 3277 scilicet
364 3223 424 3276 erat
444 3223 473 3276 et
492 3239 576 3276 causa
595 3220 684 3277 civilis
703 3219 846 3293 obligandi
865 3222 896 3275 et
914 3219 1045 3274 volontas
1065 3217 1140 3284 eius,
1160 3217 1209 3287 qui
1228 3233 1257 3273 se

55 3308 183 3381 obligat,
209 3310 364 3380 quibusque
389 3311 544 3366 necessario
567 3310 683 3366 dominii
701 3311 850 3366 translatio
870 3309 905 3365 ab
925 3309 1014 3365 altero
1032 3311 1114 3379 patre
1134 3307 1200 3362 iam.
1220 3307 1257 3363 ad

55 3401 182 3456 alterum
199 3399 290 3456 inerat
299 3404 318 3471 ,)
337 3401 372 3457 de
391 3401 493 3472 quibus
512 3401 597 3456 Gaius
617 3402 675 3475 egit
685 3401 749 3474 (hoc
758 3400 925 3471 nominc)in'
932 3400 975 3454 his
986 3402 1147 3455 comment:
1155 3415 1210 3453 non
1221 3397 1255 3452 de

55 3490 201 3562 deposito,
217 3505 273 3546 non
284 3491 318 3546 de
328 3492 519 3560 commodato,
531 3510 587 3549 non
597 3493 630 3547 de
640 3492 755 3564 pignore
765 3494 819 3548 etc.
839 3491 964 3546 Labeute
974 3493 1070 3546 autem
1080 3492 1206 3559 tempore
1216 3489 1256 3543 rei

54 3580 189 3652 publicae
205 3581 248 3636 ius
261 3583 292 3636 in
305 3582 429 3654 singulos
439 3584 513 3638 cives
524 3583 612 3655 magis
623 3583 764 3654 magisque
774 3584 889 3638 auctum
899 3584 955 3648 est,
967 3584 996 3636 et
1005 3581 1115 3654 legibus
1124 3577 1188 3633 unis
1199 3576 1255 3650 (vel

53 3671 284 3743 magistratibus,
300 3673 349 3742 qui
358 3671 453 3745 legum
462 3673 542 3743 qussi
551 3688 682 3743 personas
693 3671 882 3744 sustinebant)
892 3671 962 3726 haec
971 3671 1104 3726 maiestas
1114 3667 1254 3724 attributa

54 3764 117 3828 est,
138 3778 209 3830 quse
224 3761 365 3832 quondam
384 3759 500 3834 singulis
517 3759 644 3833 patribus
655 3759 720 3816 lam.
746 3759 826 3817 Rom.
837 3760 1048 3818 concedebatur.
1079 3755 1169 3814 Simul
1179 3775 1253 3814 com·

52 3850 191 3906 mercium
215 3851 291 3908 inter
317 3849 392 3924 ipsos
415 3851 488 3909 cives
511 3838 715 3924 augebatur‘in
739 3849 812 3919 dies,
831 3869 888 3921 quo
907 3867 1010 3922 magna
1027 3849 1079 3905 illa
1097 3849 1252 3920 separatio,

51 3955 129 4010 quae
147 3940 221 3998 inter
239 3943 350 4014 singula
368 3939 490 3998 dominia
509 3943 577 3999 olim
595 3941 703 4010 tuerat,
720 3941 882 3998 tollebatur.
912 3940 1018 4008 Quibus
1036 3940 1145 3996 duabus
1162 3940 1253 3995 causis

49 4033 162 4088 factum
188 4035 244 4101 est,
269 4044 298 4088 ut
321 4035 393 4090 verbi·
414 4035 578 4106 obligationis
606 4037 645 4088 vis
668 4035 858 4098 mendacior,
884 4047 975 4101 nequa
995 4030 1116 4100 amplius
1132 4047 1248 4100 quaere-

50 4125 133 4178 retur
157 4125 252 4179 utrum
276 4125 424 4182 banshtio
447 4123 563 4182 dominii
581 4125 660 4180 fieret
678 4139 780 4192 necne,
799 4125 850 4179 aut
867 4126 963 4179 utrum
983 4121 1119 4178 voluisset
1137 4120 1201 4190 quis
1221 4137 1250 4175 sa
