2964 4596
190 101 234 173 74
597 103 718 171 msuI.
741 99 962 189 xn.§§1-5.

230 291 322 365 Cum
356 302 472 364 autem
502 294 532 364 is
543 343 558 382 ,
588 295 650 392 qui
685 291 732 364 ob
764 288 908 388 aliquod
934 285 1147 359 maleficium
1171 289 1206 353 in
1226 281 1366 348 insulam
1394 311 1408 355 ι

180 407 381 492 deportatur,
416 407 594 478 civitatem
628 406 778 497 amittit,
811 403 970 501 sequitur
1002 412 1058 487 ut,
1085 398 1167 496 quia
1192 421 1235 467 eo
1260 393 1368 465 modo

182 543 225 588 ex
237 541 383 589 numero
398 519 527 590 civium
539 513 790 591 Romanorum
803 515 951 609 tollitur,
962 511 1109 612 perinde
1120 536 1165 582 ¹ac
1181 511 1211 580 si
1223 519 1365 580 mortuo

184 655 227 702 eo
257 628 421 702 desinant
445 631 551 703 liberi
575 633 612 702 in
636 640 811 729 potestate
837 630 911 699 eius
930 653 1018 699 esse.
1068 625 1145 721 pari
1168 622 1304 694 ratione
1331 631 1367 692 et

182 744 213 814 si
242 739 292 834 is,
324 741 386 838 qui
417 743 454 812 in
488 754 662 844 potestate
692 742 849 840 parentis
874 741 939 832 sit,
964 743 999 806 in
1020 737 1371 823 insulamldeportatus
1475 780 1476 799 ἶ

183 856 304 932 fuerit,
340 853 470 926 desiuit
494 858 532 928 iu
556 867 730 953 potestate
755 856 911 955 parentis
936 878 1026 925 esse.
1072 853 1128 918 sed
1150 853 1178 916 si
1200 870 1239 914 ex
1261 846 1368 914 indul-

187 971 298 1057 gentia
325 969 495 1054 principali
516 972 660 1037 restituti
682 971 818 1053 fuerint,
840 989 897 1054 per
919 968 1027 1032 omnia
1048 965 1222 1050 pristinum
1245 966 1368 1028 statum

187 1074 356 1159 recipiunt.
401 1073 551 1164 Relegati
581 1081 690 1142 autem
721 1079 826 1163 patres
854 1076 888 1138 in
911 1072 1051 1137 insulam
1073 1072 1108 1134 in
1130 1071 1284 1155 potestate
1307 1087 1368 1132 sua
1394 1087 1416 1131 a

187 1178 304 1244 liberos
333 1182 486 1245 retinent:
518 1187 551 1246 et
580 1203 598 1247 e
626 1183 781 1247 contrario
804 1178 899 1245 liberi
921 1177 1057 1265 relegati
1079 1177 1113 1240 in
1135 1178 1291 1260 potestate
1312 1193 1371 1258 pa-

46 1287 59 1373 j,
187 1290 317 1350 rentum
349 1289 525 1354 remanent.
569 1285 694 1352 Poenae
729 1304 837 1351 servus
871 1283 999 1350 effectus
1033 1279 1116 1346 filios
1145 1282 1180 1345 in
1210 1283 1369 1364 potestate
1396 1299 1414 1344 a

188 1389 303 1454 habere
329 1389 454 1456 desinit.
502 1395 587 1458 servi
618 1397 727 1458 autem
755 1411 874 1477 poenae
896 1387 1096 1464 efficiuntur,
1119 1387 1174 1470 qui
1197 1386 1232 1449 in
1254 1383 1372 1450 metal-

49 1498 58 1568 ῗ,
188 1493 260 1560 lum
291 1494 482 1560 damnantur
510 1485 545 1563 et
576 1501 631 1584 qui
658 1499 769 1564 bestiis
792 1498 1003 1564 subiciuntur.
1049 1491 1153 1558 Filius
1174 1489 1315 1556 familias
1339 1491 1417 1555 sis

189 1599 395 1678 militaverit,
427 1601 480 1668 vei
510 1604 537 1668 si
568 1609 693 1670 senator
721 1602 775 1672 vel
807 1601 916 1669 consul
939 1601 1036 1666 fuerit
1057 1599 1177 1674 factus,
1200 1601 1310 1662 manet
1334 1598 1374 1660 in

189 1707 290 1791 patris
322 1710 489 1792 potestate.
535 1709 656 1776 militia
689 1712 776 1776 enim
809 1707 863 1776 vel
893 1704 1071 1773 consularia
1103 1702 1244 1790 dignitas
1266 1703 1373 1787 patris

190 1814 347 1896 potestate
369 1809 474 1877 filium
496 1834 559 1879 non
581 1812 706 1881 liberat.
743 1815 798 1880 sed
816 1835 855 1880 ex
875 1812 1101 1878 constitutione
1119 1814 1227 1874 nostra
1239 1827 1373 1873 summa

190 1919 377 2001 patriciatus
407 1919 548 2006 dignitas
576 1919 652 1986 ilico
679 1921 718 1985 ab
740 1917 962 2004 imperialibus
985 1913 1142 1982 codicillis
1164 1915 1326 2000 praestitis
1350 1933 1377 1978 a

190 2024 295 2106 patria
324 2027 480 2106 potestate
513 2023 639 2090 liberat.
685 2028 756 2111 quis
790 2027 877 2090 enim
910 2025 1052 2109 patiatur
1082 2025 1207 2107 patrem
1237 2018 1373 2104 quidem

130 2187 133 2191 .
189 2146 279 2212 posse
301 2147 358 2211 per
380 2131 640 2214 emancipationis
663 2132 797 2196 modum
819 2149 894 2195 suae
915 2129 1083 2215 potestatis
1105 2126 1239 2191 nexibus
1261 2122 1372 2189 filium

191 2230 351 2316 relaxare,
384 2235 623 2318 imperatoriam
655 2241 763 2302 autem
798 2235 1017 2302 celsitudinem
1052 2252 1116 2298 non
1151 2231 1257 2298 valere
1291 2249 1373 2295 eum

54 2409 56 2416 ,
193 2358 288 2422 quem
323 2338 385 2403 sibi
406 2338 531 2425 patrem
554 2339 654 2429 elegit
676 2343 715 2407 ab
740 2340 843 2407 aliena
861 2343 999 2406 eximere
1020 2333 1198 2425 potestate?
1248 2333 1289 2407 Si
1319 2333 1370 2406 ab
1402 2365 1422 2408 s

190 2444 352 2518 hostibus
391 2460 513 2545 captus
549 2450 655 2522 inerit
692 2477 838 2548 parens,
875 2451 1034 2548 quamvis
1067 2474 1190 2520 servus
1215 2446 1375 2520 bostium
1481 2498 1482 2501 κ

191 2557 275 2652 fiat,
300 2569 418 2631 umen
442 2562 573 2658 pendet
597 2565 652 2635 ins
676 2564 870 2636 liberorum
894 2572 1038 2660 propter·
1062 2562 1116 2632 ius
1140 2561 1374 2658 postliminii:

191 2673 273 2770 quia
307 2671 364 2762 hi,
398 2675 459 2771 qui
488 2675 534 2746 ab
568 2675 731 2748 hostibus
765 2679 859 2774 capti
884 2687 981 2765 sunt,
1008 2677 1039 2749 si
1063 2676 1197 2745 reversi
1222 2674 1371 2758 luerint,

192 2786 310 2855 omnia
335 2786 480 2882 pristina
505 2789 582 2859 iura
608 2791 793 2886 recipiunt.
830 2788 966 2860 idcireo
991 2809 1152 2859 reversus
1177 2797 1213 2858 et
1235 2786 1375 2859 liberos

191 2894 337 2968 babebit
362 2900 399 2968 in
416 2910 614 2997 potestate,
644 2905 719 2991 quia
741 2903 978 2990 postliminium
1000 2900 1095 2990 fingit
1117 2921 1193 2967 eum
1216 2904 1273 2986 qui
1294 2923 1375 2988 cap·

192 3015 246 3076 tus
281 3017 329 3077 est
358 3033 483 3100 semper
514 3016 549 3078 in
584 3015 715 3082 civitate
749 3015 864 3080 fuisse:
901 3013 932 3084 si
964 3037 1049 3084 vero
1082 3010 1132 3082 ibi
1159 3010 1374 3102 decesserit,

192 3123 321 3203 exinde,
364 3146 403 3191 er
443 3147 505 3212 quo
546 3131 657 3212 captus
691 3131 738 3193 est
772 3132 879 3212 pater,
914 3125 1008 3197 lilius
1041 3125 1100 3197 sui
1136 3125 1222 3195 iuris
1258 3123 1373 3197 fluisse
1481 3112 1482 3153 l

185 3234 334 3308 videtur.
384 3239 459 3334 ipse
484 3264 624 3337 quoque
649 3238 743 3310 lilius
768 3265 923 3336 neposve
949 3241 979 3310 si
1004 3238 1049 3310 ab
1067 3236 1228 3310 hostibus
1246 3248 1376 3335 captus

188 3347 314 3439 fuerit,
349 3351 511 3422 similiter
543 3351 692 3423 dicimus
715 3361 859 3448 propter
882 3353 937 3423 ius
960 3351 1167 3449 postliminii
1190 3352 1245 3423 ius
1270 3377 1378 3449 quo-

191 3487 261 3559 que
304 3465 486 3562 potestatis
530 3467 688 3562 parentis
731 3466 768 3536 in
810 3491 981 3563 suspenso
1020 3490 1108 3536 esse.
1159 3466 1284 3532 dictum
1320 3471 1372 3532 est

193 3580 303 3641 autem
331 3578 569 3663 postliminium
598 3601 617 3646 a
647 3579 760 3647 limine
783 3584 925 3667 etpost,
950 3585 988 3646 ut
1011 3601 1101 3657 eum,
1127 3581 1183 3665 qui
1205 3579 1244 3644 ab
1267 3577 1369 3644 hosti·

192 3681 253 3748 bus
282 3689 392 3769 captus
419 3687 454 3750 in
482 3685 560 3751 fines
581 3690 704 3752 nostros
726 3691 835 3772 postea
857 3688 1020 3773 pervenit,
1043 3684 1240 3772 postliminio
1263 3704 1369 3750 rever-

192 3806 266 3852 sum
287 3795 371 3856 recte
393 3790 542 3857 dicimus.
587 3809 664 3857 nam
685 3791 801 3858 limina
822 3795 906 3859 sicut
928 3795 963 3858 in
986 3793 1135 3858 domibus
1153 3789 1248 3855 finem
1268 3810 1366 3876 quen·

191 3891 268 3958 dam
290 3893 425 3972 iaciunt,
447 3899 493 3962 sic
516 3901 550 3963 et
571 3898 699 3985 imperii
721 3895 818 3964 finem
839 3897 940 3964 limen
957 3919 1024 3965 esse
1042 3901 1165 3966 veteres
1181 3895 1364 3964 voluerunt.

190 3996 266 4064 hinc
297 4003 328 4064 et
358 3999 453 4068 limes
484 4001 588 4068 dictus
617 4014 666 4070 est
693 4005 784 4090 quasi
805 4002 877 4070 linis
898 4004 1031 4090 quidam
1054 4007 1087 4069 et
1110 4003 1275 4068 termmus.
1323 4002 1363 4068 ab

189 4122 228 4170 oo
249 4103 487 4192 postliminium
510 4108 652 4195 dictum,
675 4112 751 4197 quia
772 4109 883 4176 eodem
904 4108 1018 4176 limine
1040 4107 1275 4187 mvertebatur,
1301 4127 1362 4195 quo
