2894 4616
203 53 271 126 486
395 93 397 100 ,
579 47 1019 144 mar.1V,xr.§§3-ta.

199 255 306 318 tutem
341 243 458 320 sciens
490 245 536 319 ud
569 273 607 320 se
642 273 714 318 non
748 251 925 345 pertinere
949 248 1117 345 possidet.
1169 247 1262 321 ideo·
1278 260 1380 323 autem

200 359 450 457 adipiscendae
495 363 729 458 possessionis
770 373 919 434 vocatur
955 361 1200 449 interdictum,
1239 366 1320 462 quia
1354 367 1380 435 ei

196 483 333 546 tautum
368 473 454 546 utile
489 485 561 562 est,
596 475 657 574 qui
694 501 786 546 nuuc
817 477 968 573 primum
995 489 1144 547 conatur
1169 477 1319 575 adipisci
1340 481 1383 548 rei

197 590 476 686 possessionem:
506 589 623 686 itaque
655 589 685 659 si
720 589 799 685 quis
834 587 982 687 adeptus
1013 594 1276 686 possessionem
1303 594 1384 661 ami·

197 704 283 774 serit
320 729 418 798 eam,
454 699 523 773 boc
561 699 788 772 interdictum
824 703 857 774 ei
890 703 1015 774 inutile
1049 715 1111 776 est.
1161 705 1383 777 interdictum

196 841 359 916 quoque,
385 813 482 914 quod
504 813 702 912 appellatur
727 811 953 903 salvianum,
976 814 1227 914 adipiscendae
1245 846 1384 917 posses·

197 931 308 1002 sionis
342 955 447 1002 causa
481 938 721 1025 comparatum
747 940 801 999 est
827 954 940 1029 eoque
964 933 1073 1002 utitur
1097 930 1267 1004 dominus
1295 933 1385 1003 fundi

196 1044 242 1117 de
275 1043 381 1116 rebus
414 1041 546 1128 coloni,
581 1067 669 1141 quas
702 1043 733 1112 is
765 1068 831 1140 pro
865 1043 1089 1117 mercedibus
1119 1045 1223 1118 fundi
1249 1047 1383 1146 pignori

196 1158 332 1230 futruas
358 1158 559 1256 pepigisset.
603 1156 827 1227 Retinendae
853 1160 1087 1254 possessionis
1110 1185 1218 1230 eausa
1240 1185 1408 1258 compa-t

194 1284 271 1345 rata
295 1283 377 1344 sunt
401 1268 590 1342 interdicta
614 1271 665 1340 uti
690 1271 879 1367 possidetis
905 1283 941 1343 et
960 1272 1104 1360 utrubi„
1122 1300 1202 1344 eum
1223 1273 1272 1344 ab
1294 1287 1387 1346 utra·

198 1413 266 1487 que
298 1397 397 1483 parte
429 1384 473 1456 de
507 1385 722 1481 proprietate
754 1381 904 1455 alicuius
936 1388 989 1456 rei
1015 1389 1260 1458 controversia
1287 1391 1334 1460 sit
1356 1403 1385 1460 et

196 1511 278 1572 aute
315 1500 513 1598 quaeritur,
552 1509 630 1568 uter
668 1522 711 1568 ex
747 1495 986 1596 litigatoribus
1024 1497 1206 1596 possidere
1247 1510 1286 1571 et
1318 1515 1386 1573 uter

191 1625 309 1713 petere
335 1612 472 1684 debeat.
513 1635 664 1708 namque
690 1611 759 1680 uisi
784 1623 866 1682 ante
891 1609 1110 1708 exploratum
1135 1613 1267 1702 fuerit,
1283 1619 1385 1686 utrius

195 1753 317 1800 eorum
350 1726 528 1823 possessio
559 1726 621 1808 sit,
654 1749 725 1793 non
751 1735 868 1819 potest
891 1727 1056 1820 petitoria
1070 1729 1097 1821 ¹)
1120 1740 1204 1802 actio
1229 1732 1384 1818 institui,

194 1843 277 1940 quia
308 1855 340 1914 et
371 1837 486 1910 civilis
517 1853 549 1912 et
579 1847 734 1912 naturalis
763 1838 854 1908 ratio
886 1837 989 1924 facit,
1013 1850 1053 1909 ut
1077 1840 1166 1912 alius
1190 1845 1385 1939 possideat,

192 1955 282 2027 alius
314 1981 334 2025 a
365 1953 567 2051 possidente
600 1963 705 2047 petat.
753 1967 785 2026 et
809 1964 885 2046 quis
907 1960 1002 2049 louge
1026 1967 1224 2032 commodius
1250 1973 1300 2032 est
1323 1989 1383 2053 pos-

198 2071 299 2136 sidere
318 2071 540 2154 potiusquam
559 2073 682 2152 potere,
703 2068 774 2132 ideo
791 2067 978 2153 plerumque
998 2074 1030 2133 et
1049 2069 1113 2135 fere
1132 2093 1261 2158 semper
1279 2078 1383 2162 iugens

195 2178 305 2242 exist't
336 2177 495 2240 contentio
527 2173 565 2238 de
595 2176 664 2259 ipsa
687 2177 890 2258 possessione.
918 2171 1133 2240 Commodum
1156 2183 1270 2243 autem
1294 2183 1383 2263 possi·

197 2283 291 2348 dendi
321 2285 356 2346 in
388 2301 424 2346 eo
456 2285 519 2357 est,
552 2281 652 2364 quod,
685 2283 813 2346 etiamsi
837 2279 904 2345 eius
927 2299 977 2344 res
999 2300 1062 2344 non
1085 2284 1127 2345 sit
1150 2285 1206 2366 qui
1229 2285 1381 2368 possidet,

195 2390 223 2452 si
257 2388 352 2453 modo
388 2392 474 2452 actor
503 2407 565 2452 uon
595 2391 735 2471 potuerit
764 2407 857 2452 suam
887 2405 954 2451 esse
985 2387 1130 2470 probare,
1161 2395 1312 2455 remanet
1333 2411 1382 2454 suo

194 2492 263 2559 loco
293 2496 464 2579 possessio:
489 2501 735 2578 propterquam
758 2513 900 2570 causam,
927 2513 1001 2556 cum
1025 2494 1156 2560 obscure
1179 2499 1247 2561 siut
1271 2478 1380 2562 utrius-

195 2619 256 2684 que
283 2581 372 2683 iura,
405 2605 512 2664 contre
541 2600 711 2684 petitorem
741 2599 877 2664 iudicari
899 2598 989 2664 solet.
1035 2598 1097 2664 Sed
1119 2601 1294 2667 interdicto
1316 2605 1376 2686 qui·
1392 2611 1407 2662 t

195 2705 268 2770 dem
291 2707 341 2770 uti
364 2705 532 2790 possidetis
555 2704 708 2769 defundi
731 2705 784 2771 vel
804 2706 932 2770 aedium
951 2707 1144 2789 possessione
1163 2709 1378 2785 contenditur,

192 2813 303 2878 utrubi
326 2832 401 2879 vero
425 2810 593 2876 interdicto
617 2811 656 2876 de
679 2831 783 2876 rerum
806 2809 979 2876 mobilium
1002 2815 1204 2894 possessione.
1247 2835 1376 2898 quorum

192 2920 243 2985 vis
278 2923 310 2983 et
343 2922 482 3002 potestus
516 2916 691 3001 plurimam
724 2921 810 2982 inter
839 2937 872 2982 se
902 2915 1113 2984 differentiam
1145 2923 1229 3006 apud
1262 2927 1377 2988 veteres

191 3025 344 3091 habebut:
370 3045 445 3089 nam
469 3025 520 3087 uti
537 3024 704 3107 possidetis
724 3023 893 3090 interdicto
911 3027 940 3089 is
959 3027 1123 3110 vincebat,
1144 3028 1202 3111 qui
1219 3028 1376 3092 interdicti

190 3135 334 3214 tempore
358 3129 555 3214 possidebat,
581 3129 608 3194 si
632 3130 727 3195 modo
748 3151 805 3195 nec
828 3132 862 3197 vi
884 3151 941 3196 uec
960 3131 1043 3196 clem
1063 3153 1120 3196 nec
1139 3135 1283 3217 precario
1303 3155 1372 3197 nau-

195 3238 265 3309 ctus
293 3235 397 3300 tuerat
419 3237 459 3300 sb
482 3235 661 3302 adversario
684 3238 928 3320 possessionem,
952 3237 1078 3302 etiamsi
1101 3238 1204 3304 elium
1227 3242 1265 3305 vi
1287 3259 1375 3324 expu-

190 3340 265 3414 lerit
293 3346 350 3414 aut
377 3339 461 3406 clem
484 3341 659 3426 abripuerit
681 3341 818 3408 alienum
842 3345 1067 3427 possessionem
1091 3349 1147 3409 aut
1169 3349 1313 3430 precario
1334 3365 1375 3408 ro-

190 3454 324 3537 gaverat
346 3447 506 3536 aliquem,
531 3452 568 3511 ut
592 3448 653 3513 sibi
671 3448 829 3532 possidere
848 3447 974 3514 liceret:
995 3449 1105 3514 utrubi
1122 3471 1199 3518 vero
1211 3451 1373 3518 interdicto

190 3556 219 3621 is
251 3556 415 3633 vincebat,
451 3554 506 3639 qui
536 3555 656 3618 maiore
687 3558 782 3639 parte.
806 3556 875 3620 eius
899 3557 974 3620 anui
996 3576 1054 3622 noc
1076 3559 1110 3626 vi
1134 3579 1193 3624 uec
1215 3558 1302 3626 clam
1324 3577 1372 3622 nec

232 3752 261 3824 1)
280 3753 322 3808 Oi.
339 3769 411 3822 quse
427 3750 485 3806 dixi
499 3749 535 3804 ud
550 3749 602 3804 Gai
616 3749 683 3806 cod.
692 3769 757 3823 pag.
768 3751 821 3806 243
831 3749 918 3808 inira:
930 3750 984 3810 sed
994 3750 1078 3810 Gsius
1087 3750 1177 3826 egisse
1187 3751 1368 3811 mihiuidetur

193 3840 228 3895 de
246 3842 379 3912 petitoris
395 3843 526 3910 formula,
545 3857 617 3910 quse
635 3842 666 3894 ob
684 3843 784 3898 ciuilem
802 3845 930 3899 rationem
943 3843 1003 3898 -i.
1015 3863 1038 3902 e.
1055 3845 1090 3902 ob
1107 3845 1261 3902 formulam
1277 3847 1304 3902 iu
1319 3863 1366 3916 qus

193 3929 261 3984 suits
290 3933 344 3986 niet
370 3934 489 3986 restituat
511 3961 544 3970 -
562 3929 676 3984 institui
695 3948 750 3986 non
769 3931 877 4002 potuit,
897 3931 950 3988 uisi
969 3933 1008 4001 is,
1027 3951 1046 3988 a
1063 3953 1120 4004 quo
1140 3937 1307 4006 pensam,
1326 3938 1365 3990 hu·

194 4016 274 4072 beret
292 4017 460 4074 fucultatem
479 4019 654 4074 restituendi.
