2880 4614
196 33 261 101 300
563 53 647 104 mer.
672 33 730 103 ΠΙ.
753 53 848 102 mx.
872 36 1018 123 §§2-4.

190 252 263 296 non
288 224 383 296 idem
409 226 494 295 iuris
521 236 597 316 est,
624 228 655 298 si
680 253 701 297 a
727 253 831 299 servo
857 227 936 326 quis
954 225 1138 324 stipulatus
1157 227 1278 306 fuerit:
1295 253 1366 297 nam

190 349 274 409 tunc
306 339 402 435 prior
432 339 582 435 proinde
609 339 787 440 obligatus
812 351 951 434 manet,
976 367 1018 412 ac
1045 343 1074 413 si
1098 353 1222 438 postea
1240 369 1262 412 a
1280 341 1368 412 nullo

191 451 376 549 stipulatus
400 452 533 524 luisset.
586 454 648 525 sed
675 456 706 525 si
731 455 855 525 eadem
875 480 1024 551 persona
1044 456 1108 542 sit,
1128 483 1149 527 a
1168 483 1236 556 qna
1257 467 1369 552 postea

189 565 386 663 stipuleris,
420 567 468 637 ita
502 566 642 638 demum
677 570 821 639 novatio
855 565 917 662 fit,
948 569 978 638 si
1011 568 1096 667 quid
1121 570 1157 641 in
1183 569 1371 666 posteriore

189 679 413 778 stipulatione
444 681 526 754 novi
559 681 624 766 sit,
659 680 751 753 forte
784 684 814 756 si
841 681 1007 754 condicio
1032 693 1092 754 aut
1117 682 1193 754 dies
1218 689 1275 750 aut
1305 682 1373 749 lide

141 813 149 828 ’
188 799 291 862 iussor
322 794 495 866 adiciatur
530 806 591 868 aut
615 795 831 868 detrahatur.
880 795 977 894 quod
1002 807 1118 868 autem
1145 796 1319 882 diximus,
1349 797 1374 866 si

191 907 352 981 condicio
378 907 568 996 adiciatur,
598 911 825 982 novationem
850 908 948 997 lieri,
968 912 1019 982 sic
1038 910 1198 1010 intellegi
1217 921 1372 1008 oportet,

189 1033 228 1094 ut
260 1024 308 1094 ita
343 1021 502 1096 dicamus
528 1023 659 1095 laetam
685 1026 937 1118 novationem,
963 1026 993 1096 si
1018 1023 1183 1098 condicio
1210 1025 1375 1097 extiterit:

188 1135 345 1235 alioquin
372 1137 402 1207 si
428 1135 616 1223 defecerit,
643 1136 746 1209 durat
771 1140 869 1235 prior
894 1138 1078 1237 obligatio.
1126 1138 1189 1205 Sed
1218 1161 1293 1205 cum
1321 1139 1401 1204 hcet

192 1252 321 1338 quidem
345 1254 429 1318 inter
452 1257 574 1318 veteres
598 1253 762 1318 constabat
787 1257 865 1319 tunc
887 1252 956 1320 fieri
979 1255 1199 1330 novationem,
1224 1274 1301 1318 cum
1325 1272 1375 1316 no

191 1358 287 1424 vendi
319 1361 425 1424 animo
457 1361 492 1423 in
523 1360 694 1424 secundam
726 1359 956 1446 obligationem
986 1359 1214 1425 immineret:
1238 1381 1296 1445 per
1320 1359 1376 1424 hoc

192 1469 301 1530 autem
332 1465 466 1532 dubium
499 1470 579 1543 erat,
604 1464 730 1551 quando
753 1467 892 1533 novandi
915 1468 1021 1533 animo
1044 1466 1206 1532 videretur
1227 1465 1289 1531 hoo
1313 1463 1378 1529 fieri

192 1576 224 1635 et
255 1571 409 1655 quasdam
440 1572 478 1637 de
509 1572 569 1636 hoc
582 1575 872 1657 ‘praesumptiones
902 1572 959 1638 alii
981 1575 1016 1636 in
1038 1571 1110 1638 aliis
1134 1572 1259 1637 casibus
1281 1573 1378 1636 intre

192 1677 366 1744 ducebant:
401 1677 471 1742 ideo
506 1683 612 1742 nostra
641 1680 794 1764 processit
824 1681 1026 1756 constitutio,
1064 1699 1144 1764 quae
1178 1679 1378 1764 apertissime

192 1781 337 1849 definivit
359 1789 436 1850 tunc
459 1783 564 1849 solum
587 1782 656 1849 fieri
679 1787 900 1870 novationem,
925 1788 1069 1871 quotiens
1091 1786 1151 1851 hoc
1174 1787 1282 1870 ipsum
1296 1787 1379 1849 inter

193 1891 410 1959 contrahentes
434 1911 617 1975 expressum
640 1891 757 1974 fuerit,
782 1892 866 1977 quod
888 1897 1017 1977 propter
1038 1893 1242 1957 novationem
1265 1893 1379 1976 prioris

194 1995 399 2084 obligationis
431 2003 663 2072 convenerunt,
698 1998 839 2084 alioquin
862 2020 990 2065 manere
1012 2004 1044 2064 et
1065 2000 1235 2083 pristinam
1258 1997 1381 2084 obliga-

194 2103 315 2168 tionem
345 2106 377 2167 et
407 2104 577 2170 secundam
609 2107 639 2170 ei
669 2105 830 2177 accedere.
854 2111 892 2170 ut
912 2110 1040 2171 maneat
1063 2125 1102 2169 ex
1125 2109 1260 2188 utraque
1282 2123 1378 2167 cansa

193 2207 347 2296 obligatio
370 2209 545 2276 secundum
567 2216 692 2276 nostrae
716 2213 952 2276 constitutionis
976 2209 1190 2293 definitiones,
1210 2209 1377 2294 quaelicet

192 2334 232 2378 ex
260 2315 361 2399 ipsius
392 2313 526 2380 lectione
558 2319 698 2402 apertius
722 2334 917 2404 cognoscere.
963 2316 1034 2382 Hoc
1057 2315 1194 2401 amplius
1216 2335 1272 2379 eae
1297 2313 1395 2380 obli-a

191 2423 350 2508 getimer,
384 2441 464 2506 quae
496 2443 648 2488 consensu
679 2423 924 2501 contrahuntur,
950 2425 1105 2488 contraria
1127 2420 1293 2488 voluntate
1319 2420 1377 2484 dis-

191 2526 367 2591 solvuntur.
415 2548 491 2592 nam
522 2531 549 2592 si
577 2527 684 2594 Titius
715 2534 748 2593 et
778 2527 871 2594 Seius
902 2531 985 2594 inter
1016 2549 1049 2593 se
1072 2531 1319 2604 consenserunt,
1344 2531 1379 2589 nt

192 2633 328 2698 fundum
364 2633 579 2700 Tusculanum
604 2641 748 2720 emptum
771 2633 864 2701 Seius
886 2636 1016 2701 haberet
1036 2638 1164 2700 centum
1189 2652 1378 2714 aureorum,

193 2740 305 2805 deinde
338 2760 372 2804 re
406 2742 548 2806 nondum
584 2747 709 2819 secuta,
745 2742 780 2807 id
812 2748 859 2807 eat
889 2763 991 2827 neque
1022 2742 1125 2827 pretio
1148 2737 1254 2804 soluto
1275 2757 1377 2823 neque

192 2845 290 2910 fundo
318 2845 455 2930 tradito,
480 2845 636 2933 placuerit
659 2850 831 2925 intereos,
857 2853 894 2912 ut
917 2847 1130 2912 discederetur
1153 2845 1192 2910 ab
1215 2846 1376 2928 emptione

194 2957 226 3016 et
256 2950 453 3028 venditione,
482 2955 619 3018 invicem
643 2953 828 3018 liberantur.
874 2954 960 3018 idem
984 2958 1033 3018 eet
1056 2958 1088 3018 et
1110 2954 1145 3016 in
1169 2950 1375 3016 conductione

194 3061 227 3122 et
257 3056 412 3123 locatione
444 3064 475 3123 et
506 3059 654 3123 omnibus
679 3060 909 3136 contractibus,
934 3061 990 3146 qui
1014 3080 1053 3125 ex
1076 3078 1230 3124 consensu
1254 3057 1376 3122 descen·

196 3163 292 3240 dunt,
319 3165 402 3232 sicut
422 3166 488 3234 iam
512 3165 632 3232 dictum
656 3170 713 3236 est.
