2880 4614
118 118 121 124 ·
186 77 253 147 276
411 96 495 146 ruer.
517 77 576 144 III.
600 75 693 144 xiim
718 75 867 164 §§3-5.
891 95 982 146 rrrv.
1007 100 1052 166 pr.
1077 78 1143 164 §L

115 294 117 298 ·
186 269 299 347 fuerit,
332 273 387 333 aut
416 267 508 334 aedes
534 273 620 334 totae
650 273 706 333 aut
737 268 843 354 aliqua
873 290 912 334 ex
943 273 1032 355 parte
1054 267 1201 335 incendio
1227 289 1359 335 consum·

188 378 262 458 ptae
292 373 428 452 fuerint,
462 380 517 439 aut
545 375 660 438 fundus
683 377 717 440 vi
740 374 882 440 fluminis
904 381 991 440 totus
1013 375 1066 443 vel
1088 375 1197 460 aliqua
1220 396 1261 460 er
1281 380 1359 461 parte

188 478 313 567 ablatus
337 483 398 564 sit,
424 483 490 546 sive
515 483 612 546 etiam
635 481 840 546 inundatione
864 502 963 566 aquae
986 486 1042 546 aut
1064 481 1231 546 arboribus
1242 484 1358 546 turbine

187 585 317 650 deiectis
344 585 440 673 longe
470 589 574 652 minor
598 592 655 650 aut
679 587 814 651 deterior
837 607 903 652 esse
927 588 1079 670 coeperit:
1104 589 1257 672 emptoris
1280 587 1359 652 dam·

186 711 264 755 num
288 695 352 775 est,
377 695 429 756 eui
451 712 576 756 neeesse
600 683 664 769 est,
689 690 765 756 licet
783 713 853 756 rem
875 712 938 758 non
961 692 1057 757 fuerit
1076 703 1206 770 nactus,
1226 695 1357 778 pretium

186 797 318 864 solvere.
366 798 520 883 quidquid
550 800 635 863 enim
668 800 734 863 sine
765 797 837 863 dolo
866 805 897 862 et
920 798 1014 882 culpa
1036 799 1209 864 venditoris
1233 799 1357 872 accidit,

186 905 220 967 in
250 923 287 968 eo
317 904 462 969 venditor
493 923 621 968 securus
653 907 708 968 est.
758 904 813 968 sed
844 908 877 968 et
907 907 1028 988 sipost
1051 907 1246 989 emptionem
1269 903 1358 968 fundo

186 1007 308 1093 aliquid
340 1030 396 1095 per
427 1008 620 1074 alluvionem
651 1011 798 1093 accessit,
830 1009 869 1074 ad
897 1011 1049 1094 emptoris
1072 1009 1275 1074 commodum
1296 1031 1358 1094 per·

185 1117 283 1178 tinet:
308 1135 384 1182 nam
408 1119 441 1178 et
461 1115 664 1179 commodum
688 1118 757 1179 eius
780 1135 847 1179 esse
868 1114 981 1191 debet,
1007 1117 1098 1180 cuius
1115 1115 1357 1199 periculumest.

185 1217 277 1298 Quod
306 1223 334 1285 si
365 1221 486 1307 fugerit
516 1221 612 1284 bomo
641 1223 696 1305 qui
727 1223 828 1286 veniit
859 1225 915 1284 aut
938 1219 1106 1305 subreptus
1129 1221 1240 1298 fuerit,
1263 1223 1309 1284 ita
1330 1229 1387 1293 ute,

183 1347 285 1410 neque
316 1326 407 1391 dolus
434 1346 535 1411 neque
566 1327 660 1411 culpa
682 1327 856 1392 venditoris
880 1329 1087 1404 interveniat,
1113 1327 1358 1392 animadverten-

183 1432 261 1495 dum
293 1435 370 1509 erit,
396 1453 436 1496 an
459 1433 637 1497 custodiam
661 1435 729 1497 aius
750 1453 850 1517 usque
869 1433 909 1497 ad
927 1433 1131 1498 traditionem
1151 1433 1297 1499 venditor
1314 1454 1359 1496 su-

185 1541 328 1622 sceperit.
349 1531 439 1603 ‘sane
462 1540 563 1621 enim,
588 1540 616 1601 si
639 1541 827 1630 susceperit,
854 1539 893 1604 ad
917 1531 1217 1624 ipsius'periculum
1235 1541 1359 1603 iscasus

182 1645 335 1728 pertinet:
368 1646 396 1708 si
426 1663 489 1708 non
519 1646 709 1729 susceperit,
740 1665 868 1709 securus
892 1647 963 1710 erit.
1010 1644 1098 1710 idem
1121 1650 1153 1710 et
1177 1647 1211 1708 in
1235 1647 1359 1710 caeteris

185 1747 378 1814 animalibus
398 1752 591 1835 caeterisque
613 1749 708 1814 rebus
731 1749 961 1837 intellegimus.
996 1753 1108 1834 utiquc
1132 1755 1239 1827 tamen
1263 1751 1360 1814 undi-

185 1856 341 1919 cationem
371 1856 417 1918 rei
449 1860 481 1918 et
513 1856 745 1921 condictionem
776 1856 924 1921 exhibere
956 1854 1085 1921 debebit
1115 1857 1267 1940 emptori,
1291 1857 1360 1940 quia

185 1979 277 2034 sane,
310 1960 366 2042 qui
397 1979 465 2024 rem
495 1961 637 2025 nondum
665 1963 802 2046 emptori
825 1961 975 2037 tradidit,
1001 1961 1104 2026 adbuc
1126 1963 1194 2046 ipse
1218 1960 1361 2025 dominus

166 2049 241 2130 est.
287 2064 375 2128 idem
407 2069 455 2129 est
485 2067 583 2129 etiam
612 2065 651 2129 de
681 2067 759 2129 furti
790 2071 821 2130 et
853 2066 891 2130 (16
922 2066 1032 2130 damni
1062 2069 1197 2132 iniuriae
1228 2069 1355 2132 actione.

182 2169 313 2255 Emptio
345 2175 414 2235 tam
445 2169 503 2235 sub
534 2169 716 2236 condicione
746 2190 843 2256 quam
873 2192 952 2257 pure
976 2173 1120 2238 contrahi
1142 2177 1258 2256 potest.
1303 2174 1377 2238 subs

184 2276 365 2340 condicione
395 2273 497 2341 veluti
526 2276 569 2368 ‘si
590 2273 720 2340 Stichus
741 2278 827 2340 intra
849 2283 972 2341 certum
996 2277 1083 2342 diem
1105 2278 1167 2343 tibi
1188 2278 1358 2363 placuerit,

184 2385 245 2446 erit
277 2381 338 2445 tibi
368 2385 493 2466 emptus
524 2383 626 2445 aureis
657 2382 724 2446 tot'.
771 2381 855 2447 Loca
885 2403 972 2448 sacre
1001 2384 1055 2450 vel
1074 2383 1254 2472 religiosa,
1284 2389 1378 2450 items

181 2488 327 2575 publica,
352 2488 456 2554 veluti
479 2487 602 2565 forum,
627 2488 811 2566 basilicam,
835 2489 953 2554 frustra
975 2492 1046 2574 quis
1062 2493 1164 2555 sciens
1176 2493 1272 2569 emit,
1287 2512 1359 2576 ques

182 2600 290 2660 temen
313 2596 340 2658 si
364 2615 421 2679 pro
443 2595 578 2678 privatis
600 2593 654 2660 vel
676 2594 815 2679 profanis
838 2595 988 2680 deceptus
1008 2616 1027 2660 a
1046 2596 1213 2662 venditore
1232 2599 1359 2672 emerit,

183 2700 313 2765 habebit
336 2704 492 2765 actionem
516 2719 554 2763 ex
579 2703 706 2784 empto,
732 2701 815 2785 quod
835 2721 899 2765 non
917 2701 1033 2766 habere
1052 2704 1081 2766 ei
1101 2701 1216 2787 liceat,
1235 2708 1275 2767 ut
1294 2724 1361 2768 oon·

184 2809 350 2888 sequatur,
387 2805 471 2889 quod
505 2825 563 2870 sua
593 2807 725 2870 interest
757 2806 923 2891 deceptum
956 2827 1031 2871 eum
1060 2826 1123 2872 non
1155 2829 1232 2874 esse.
1280 2810 1362 2874 idem

183 2911 262 2976 iuris
287 2920 350 2988 est,
376 2913 403 2974 si
426 2911 590 2978 bominem
612 2911 751 2976 liberum
773 2933 830 2997 pro
853 2932 944 2978 servo
968 2915 1092 2978 emerit.

708 3145 841 3212 XXIIII.

446 3311 496 3376 DE
517 3313 731 3380 beelmans
752 3317 801 3378 ΕΤ
821 3259 1098 3387 CONDUOTIONli.

229 3473 357 3540 Locatio
400 3479 432 3539 et
467 3478 632 3544 conductio
667 3482 813 3564 proxima
847 3487 895 3547 est
930 3487 1086 3570 emptioni
1120 3491 1153 3552 et
1187 3487 1362 3554 venditioni

183 3581 346 3665 isdemque
377 3583 456 3645 iuris
481 3584 603 3670 regulis
627 3590 810 3652 consistunt.
859 3611 934 3654 nam
958 3597 995 3656 ut
1019 3594 1139 3678 emptio
1164 3599 1197 3658 et
1223 3595 1361 3659 venditio

183 3688 229 3749 ita
260 3686 472 3765 contrabitur,
506 3692 533 3753 si
564 3690 602 3754 de
633 3695 735 3776 pretio
767 3699 965 3772 convenerit,
997 3699 1042 3762 sio
1072 3701 1170 3762 etiam
1194 3699 1310 3764 locatio
1333 3705 1361 3763 et

134 3833 137 3838 -
184 3789 349 3854 conductio
373 3795 420 3856 ita
443 3795 586 3858 contrahi
608 3797 825 3885 intellegitur,
851 3804 879 3866 si
902 3823 1021 3867 merces
1045 3806 1220 3869 constituta
1245 3808 1299 3870 eit.
1332 3811 1360 3868 et

51 3918 54 3924 ·
184 3897 335 3977 competit
357 3894 487 3962 locatori
511 3900 640 3982 quidem
664 3900 760 3967 locati
784 3908 883 3984 actio,
905 3907 1089 3972 conductori
1107 3928 1184 3974 vero
1206 3911 1358 3980 conducti.

183 3998 225 4062 lit
256 4019 335 4088 quae
366 4021 460 4085 supra
490 4003 648 4089 diximus,
672 4009 700 4070 si
723 4005 825 4092 alieno
850 4012 980 4078 arbitrio
1002 4016 1143 4100 pretium
1169 4018 1374 4100 permissumr

184 4102 297 4181 brerit,
311 4105 434 4170 'eadem
457 4112 488 4172 et
512 4108 550 4172 de
574 4109 728 4176 locatione
752 4117 784 4178 et
810 4117 1015 4185 conductione
1039 4121 1124 4186 dicta
1150 4143 1219 4189 esse
1239 4121 1357 4188 intelle
