2964 4596
417 94 579 145 incensus
601 97 644 143 m
667 94 722 143 em
744 75 770 142 1.
794 71 903 160 ς117.
1183 72 1246 138 119
1302 37 1303 40 ¹

72 283 93 320 c.
117 265 150 320 R.
175 281 238 320 vere
261 266 335 333 nati,
363 267 438 336 qnod
462 269 573 336 tempus
598 265 665 320 anni
688 267 810 320 maxime
835 263 971 318 naturalis
993 261 1100 316 feturae
1119 262 1190 316 est.”
1210 260 1253 315 ed.

70 356 149 410 Miidl.
168 374 195 425 p.
220 356 295 427 373.)
314 357 432 411 alteram
451 357 572 412 melioris
590 359 675 412 notae
694 356 743 410 sed
760 355 868 411 mendis
887 355 1001 422 insuper
1019 368 1131 421 pessum
1150 350 1254 404 datam.

71 446 144 499 Haec
162 443 236 498 enim
255 445 371 514 praebet
392 445 446 518 (ed.
466 446 545 501 Mun.
564 465 592 516 p.
613 447 702 517 372.):

106 535 245 600 Nemee,
265 535 314 604 qni
333 535 362 589 in
380 537 455 591 villis
473 552 537 591 vere
557 536 632 601 nati,
652 535 726 605 quod
745 538 856 604 tempus
875 533 944 588 duce
961 535 1062 586 natura
1069 531 1176 587 feturae
1186 531 1257 596 est.†

70 627 98 679 et
123 627 190 678 tunc
208 642 266 679 rem
287 624 410 682 divinam
429 626 584 681 instituerit
593 627 631 697 (1)
659 626 744 680 Marti
762 625 857 679 Numa
875 623 1028 693 Pompilius
1048 611 1125 692 pacis
1144 639 1256 676 concor-

70 715 164 770 diaeve
188 715 355 771 obtinendae
379 717 471 788 gratia
498 717 573 771 inter
598 716 713 770 Sabinos
737 716 930 783 Romanosque
958 716 991 768 ut
1017 731 1111 767 vanae
1129 715 1255 777 viverent,

68 822 102 860 ne
137 805 280 861 vincerent
307 809 355 875 (an
387 824 459 862 »neu
483 807 719 877 vincereneuffe).
759 807 897 860 Romanos
923 803 998 857 enim
1024 822 1117 858 vanae
1140 805 1258 873 adpella-

69 898 144 964 bant,
168 895 199 949 id
221 899 279 963 est,
301 899 395 952 ibidem
418 909 507 964 catos,
533 914 601 966 quos
619 897 729 953 vincere
747 896 932 966 perniciosum
948 893 1096 948 arbitrium
1111 893 1256 963 (Huschke

66 987 139 1058 legit
151 987 321 1041 »arbitratus
334 989 422 1056 est,”)
451 987 574 1053 Sabinis,
591 988 640 1057 qui
657 986 799 1042 coniuncti
809 987 904 1052 erunt,
915 1002 978 1038 cum
987 985 1091 1054 populo
1102 983 1256 1039 Roman0”.

68 1079 145 1132 Haec
170 1077 282 1148 quidem
308 1077 366 1132 illc.
404 1079 496 1146 Quae,
520 1096 690 1148 quamquem
718 1095 845 1148 prorsus,
865 1077 898 1130 ut
917 1074 1009 1140 vides,
1029 1077 1160 1144 corrupta
1178 1074 1260 1138 sunt,

65 1171 161 1222 tamen
184 1167 290 1236 aliquid
314 1169 373 1222 veri
398 1169 478 1223 nobis
505 1169 633 1224 offerunt.
671 1168 810 1224 Videntur
835 1166 910 1221 enim
935 1165 1020 1219 verba
1048 1167 1096 1219 »et
1114 1175 1182 1219 tunc
1201 1180 1261 1218 rem

65 1257 191 1313 divinam
215 1258 287 1312 etc.''
306 1275 323 1312 a
340 1259 437 1314 Verrio
457 1259 557 1314 Flacco
577 1259 666 1314 allata
686 1275 745 1313 esse
764 1275 799 1313 ex
817 1255 972 1312 vetustiore
992 1255 1138 1325 scriptore,
1159 1255 1261 1323 quibus

63 1348 325 1420 interpretationem
350 1349 541 1421 adscripserit:
569 1349 688 1404 Romani
714 1349 788 1403 enim
814 1347 916 1404 liberos
943 1363 1006 1400 suos
1025 1364 1118 1400 vernas
1136 1344 1260 1414 adpelle?

64 1440 152 1505 bant,
171 1438 202 1492 id
221 1441 278 1506 est,
297 1438 403 1493 ibidem
421 1440 531 1494 natos''.
570 1439 603 1493 Id
623 1439 691 1509 ipsis
711 1437 803 1495 verbis
823 1448 869 1491 »ut
887 1453 980 1491 venae
998 1439 1109 1490 viverent
1127 1435 1261 1505 probatur

66 1529 179 1584 collatis
200 1547 264 1604 cum
282 1529 335 1585 hac
354 1531 529 1600 precatione,
549 1547 634 1600 quam
652 1547 687 1584 ex
704 1529 788 1583 saenis
803 1526 966 1582 Tiburtibus
985 1525 1094 1580 Servius
1110 1525 1147 1579 ad
1163 1523 1262 1595 virgil.

62 1621 137 1674 Aen.
158 1620 184 1672 1.
206 1620 248 1673 17.
268 1621 308 1689 (p.
330 1619 363 1674 10
384 1620 427 1676 ed.
446 1620 537 1691 Lien.)
564 1619 659 1676 affert:
692 1619 763 1674 Iuno
788 1616 913 1682 Curulis,
937 1618 987 1670 tuo
1006 1633 1088 1670 curru
1108 1616 1261 1686 clypeoque

64 1722 137 1765 tuere
156 1728 224 1764 neces
244 1712 330 1764 curiae
349 1713 469 1765 canulas
488 1713 590 1764 sanos!

102 1799 234 1870 Denique
260 1799 357 1854 eadem
382 1801 435 1855 hac
456 1800 655 1872 significatione
674 1798 749 1853 idem
768 1796 936 1853 vocabulum
956 1795 1032 1865 apud
1050 1793 1209 1848 Maitialem
1227 1793 1261 1847 X.

65 1893 102 1946 76
129 1891 279 1946 habemns:
304 1892 378 1945 »Sed
401 1894 432 1946 de
453 1894 526 1962 plebe
551 1893 641 1956 Remi,
666 1891 820 1960 Numaeque
839 1887 946 1942 verud‘.
965 1887 1001 1940 cf.
1021 1885 1144 1941 eiusdem
1162 1887 1261 1954 poetae

62 1982 115 2035 III.
139 1983 165 2034 1.
187 2013 220 2022 -
241 1981 392 2036 Nobiscum
412 1981 481 2036 facit
500 1981 586 2036 etiam
604 1978 710 2034 Preller
730 1979 823 2048 (Rom.
843 1976 1009 2048 Myeholxp.
1028 1976 1097 2040 248,
1114 1976 1131 2027 4
1148 1976 1177 2029 et
1191 1975 1258 2044 321)

65 2071 117 2140 qui
140 2071 219 2125 vecie
242 2071 300 2126 vim
319 2071 403 2126 fuisse
423 2088 498 2137 eam,
517 2088 602 2141 quam
621 2088 671 2126 nos
690 2069 825 2135 diximus,
845 2085 902 2123 non
921 2067 1022 2122 diserte
1041 2066 1154 2137 quidem
1174 2064 1258 2134 scrip-

65 2163 120 2229 sit,
152 2163 184 2214 at
211 2177 272 2216 eam
297 2167 393 2216 tamen
416 2161 552 2216 indicavit
575 2161 674 2225 iisdem
697 2158 844 2229 exemplis,
871 2175 941 2227 quae
961 2174 996 2211 ex
1016 2156 1109 2214 Servio
1129 2159 1158 2210 et
1176 2155 1258 2209 Festo

65 2251 257 2306 laudavimus.
