2894 4616
213 35 280 104 488
592 57 677 109 mer.
700 39 752 120 IV,
779 57 833 108 xv.
857 41 894 127 ξς
917 38 1035 104 lez-6.

212 231 354 315 precario
386 230 426 298 ab
461 230 640 300 adversario
673 229 863 316 possidebat.
909 229 1004 295 hodie
1039 233 1149 296 tamen
1179 226 1277 295 aliter
1309 227 1409 294 obser·

212 343 324 404 vatur:
355 349 430 404 nam
461 343 629 422 utriusque
647 337 811 404 interdicti
833 340 972 422 potestas
995 341 1153 421 qnantum
1176 336 1217 402 ad
1239 336 1409 422 possessio

212 462 287 507 nem
309 445 448 528 pertinet
471 448 644 534 exaequata
667 448 733 521 est,
758 448 796 510 ut
818 443 876 510 ille
898 445 1016 511 vincet>
1030 448 1063 508 et
1081 444 1115 508 in
1135 465 1170 509 re
1189 443 1252 510 soli
1273 447 1308 508 et
1327 445 1364 506 in
1383 464 1408 507 re

212 547 344 635 mobili,
377 553 433 636 qni
462 553 692 637 possessionem
715 572 773 617 nec
795 553 829 618 vi
851 573 910 618 nec
934 551 1017 617 clem
1041 573 1100 617 nec
1122 553 1265 637 precario
1290 549 1335 615 ab
1360 549 1406 614 sd·

210 665 350 730 versario
372 662 441 729 litis
464 665 701 732 contestationis
724 667 867 750 tempore
890 663 1020 730 detinet.
1067 656 1263 728 Possidere
1292 665 1408 725 autern

211 768 351 840 videtur
383 770 534 868 quisque
567 795 639 840 non
674 769 809 855 solum,
840 769 869 840 si
896 770 972 866 ipse
997 769 1198 866 possideat,
1225 767 1293 841 scd
1321 771 1407 839 etsi

211 884 285 954 eius
319 883 462 954 nomine
495 882 623 980 aliquis
656 883 692 952 in
724 883 949 980 possessione
981 885 1044 973 sit,
1071 883 1158 955 licet
1181 885 1212 954 is
1238 884 1320 955 eius
1347 883 1407 951 iuri

209 995 389 1068 subiectus
421 1022 494 1067 non
527 997 595 1088 sit,
628 994 743 1094 qualis
778 1005 832 1067 est
864 995 1012 1068 colonus
1038 1007 1074 1068 et
1099 995 1318 1096 inquilinus:
1349 1021 1406 1091 per

212 1134 273 1182 eos
307 1136 469 1209 quoque,
497 1107 590 1206 apud
616 1134 706 1208 quos
732 1108 936 1206 deposuerit
959 1112 1038 1208 quis
1064 1120 1124 1182 aut
1149 1109 1279 1208 quibus
1307 1134 1408 1179 com·

210 1222 423 1310 modaverit,
460 1225 535 1321 ipse
570 1221 752 1319 possidere
779 1223 933 1296 videtur:
961 1235 997 1294 et
1020 1221 1090 1295 lroc
1116 1235 1189 1310 est,
1217 1222 1319 1322 quod
1349 1220 1407 1291 di-

209 1338 300 1409 citur
333 1341 484 1410 retinere
509 1337 769 1436 possessionem
796 1363 898 1434 posse
925 1335 1079 1437 aliquem
1105 1365 1168 1435 per
1192 1336 1405 1437 quemlibet,

209 1452 270 1550 qui
304 1450 379 1523 eius
412 1451 554 1523 nomine
588 1453 634 1522 sit
666 1453 702 1520 in
737 1453 973 1548 possessione.
1025 1453 1112 1550 quin
1144 1453 1250 1522 etiarn
1288 1452 1404 1522 animo

209 1591 350 1664 quoque
383 1565 525 1636 retineri
559 1565 821 1661 possessionem
854 1563 990 1661 placet,
1021 1574 1056 1638 id
1087 1579 1135 1638 est
1166 1579 1221 1658 ut,
1257 1576 1402 1658 quamvis

210 1701 313 1766 neque
339 1682 407 1765 ipse
438 1681 481 1744 sit
508 1681 543 1743 in
573 1681 767 1764 possessione
797 1699 899 1764 neque
923 1681 992 1744 eius
1014 1682 1142 1745 nomine
1166 1680 1270 1758 alius,
1298 1687 1402 1744 tamen

210 1787 238 1852 si
268 1806 332 1852 non
361 1783 585 1870 relinquendae
613 1787 817 1870 possessionis
848 1787 974 1870 animo,
1005 1785 1060 1851 sed
1089 1791 1197 1872 postea
1220 1807 1402 1852 reversuros

209 1899 284 1966 inde
314 1899 507 1978 discesserit,
540 1902 675 1966 retinere
699 1901 928 1986 possessionem
956 1899 1094 1965 videtur.
1141 1891 1294 1988 adipisci
1324 1917 1401 1960 vero

207 2007 468 2102 possessionem
493 2031 558 2102 per
581 2030 671 2103 quos
693 2003 819 2103 aliquis
840 2014 976 2100 potest,
998 2004 1157 2076 secundo
1181 2013 1267 2080 libro
1288 2031 1402 2101 expo-

209 2118 358 2204 suimus,
393 2143 458 2188 nec
493 2116 565 2188 ulla
591 2115 765 2202 dubitatio
779 2129 866 2204 ¹est,
893 2118 979 2214 quin
1004 2118 1122 2189 animo
1148 2117 1226 2190 solo
1253 2145 1400 2216 posses-

208 2232 345 2303 sionem
377 2231 526 2327 adipisci
558 2256 663 2302 nemo
697 2240 823 2327 potest.
869 2229 1142 2328 Reciperandae
1160 2234 1420 2328 'possessioniss

209 2370 315 2416 causa
355 2344 446 2417 solet
480 2342 663 2430 interdici,
696 2345 726 2413 si
759 2345 839 2443 quis
874 2370 916 2414 ex
949 2347 1172 2441 possessione
1208 2345 1312 2415 firndi
1347 2345 1397 2416 vel

209 2456 347 2531 aedium
379 2459 414 2528 vi
441 2457 598 2528 deiectus
623 2456 747 2527 finer-it:
775 2467 856 2528 nam
882 2457 915 2527 ei
940 2459 1148 2553 proponitur
1172 2457 1395 2529 interdictum

205 2571 299 2642 unde
338 2573 389 2658 vi,
427 2597 491 2668 per
528 2570 623 2670 quod
661 2572 691 2641 is
726 2572 788 2670 qui
822 2569 952 2642 deiecit
985 2573 1124 2668 cogitur
1155 2572 1188 2642 ei
1220 2573 1398 2644 restituere

206 2686 488 2781 possessionem,
522 2685 609 2755 licet
640 2685 671 2755 is
705 2683 750 2755 ab
784 2711 827 2756 eo
858 2686 919 2783 qui
950 2686 985 2756 vi
1010 2685 1140 2756 deiecit
1164 2686 1200 2755 vi
1224 2685 1283 2756 vel
1311 2687 1395 2756 clam

204 2797 259 2869 vel
292 2800 453 2895 precario
488 2796 702 2896 possidebat.
751 2807 806 2872 sed
838 2828 877 2872 ex
907 2809 1003 2872 sacris
1033 2810 1333 2893 constitutionibus,
1363 2815 1394 2872 ut

206 2933 302 2998 supra
334 2913 475 2980 diximus
490 2916 531 2999 ¹),
564 2916 592 2979 si
616 2914 778 2998 quierem
802 2915 951 2998 pervim
975 2916 1193 2998 occupaverit,
1219 2917 1246 2979 si
1271 2917 1391 3000 quidem

205 3020 240 3084 in
268 3019 359 3086 bonis
390 3023 459 3087 eins
489 3025 554 3104 est,
586 3019 727 3085 dominio
759 3021 828 3084 eius
858 3021 1016 3104 privatur,
1041 3021 1069 3084 si
1093 3020 1213 3098 aliena,
1238 3027 1309 3106 post
1332 3024 1392 3087 cius

206 3128 442 3194 restitutionem
476 3129 575 3193 etiam
610 3127 864 3191 aestimationem
900 3126 947 3190 rei
982 3125 1055 3190 dare
1089 3127 1159 3193 vim
1191 3147 1283 3212 passo
1314 3149 1389 3194 com·

206 3231 348 3318 pellitur.
395 3235 451 3318 qui
482 3235 602 3298 eutem
615 3231 755 3316 aliquem
779 3231 818 3296 de
840 3231 1034 3316 possessione
1057 3253 1112 3314 per
1134 3234 1205 3298 vim
1230 3233 1387 3319 deiecerit,

205 3343 332 3404 tenetur
361 3338 434 3427 lege
465 3338 549 3404 Iulia
575 3338 614 3403 de
645 3339 679 3404 vi
701 3339 827 3422 privata
850 3341 906 3402 aut
930 3336 968 3402 de
991 3339 1025 3403 vi
1049 3337 1197 3423 publica:
1224 3339 1279 3404 sed
1301 3341 1384 3408 desi

204 3447 349 3532 privata,
381 3446 409 3510 si
440 3444 506 3510 sine
531 3445 628 3510 armis
651 3445 720 3510 vim
743 3443 872 3528 iecerit,
898 3445 946 3508 sin
971 3449 1079 3512 summ
1103 3465 1178 3510 oum
1205 3449 1303 3512 armis
1325 3469 1387 3512 eun

205 3551 244 3644 dc
266 3553 460 3638 possessione
482 3549 656 3639 expulerit,
681 3551 720 3616 de
742 3550 777 3618 vi
799 3548 936 3635 publica.

196 3912 377 3930 Q

248 4020 277 4092 1)
292 4021 334 4074 Ol.
354 4039 437 4090 supra
455 4024 482 4090 4,
503 4025 529 4090 2,
550 4019 574 4081 l.
