2964 4596
447 18 450 26 ’
518 71 582 121 cn.
606 53 632 119 r.
655 54 692 136 §a
705 51 914 118 rac-1351».
1259 52 1301 119 sr

32 239 112 330 134)
172 239 199 328 1)
222 231 255 307 et
277 241 358 308 duae
380 242 610 308 intercedentes
633 244 899 308 manumissiones
918 241 1048 329 perinde
1068 241 1160 343 filunt
1178 264 1214 309 ac
1233 244 1301 310 fieri
1324 267 1338 311 e
1361 243 1404 313 37

125 348 244 425 solent,
278 369 351 412 cum
379 351 426 413 ita
456 369 529 412 eum
560 353 650 434 pater
680 370 697 414 e
720 353 876 434 potestate
900 347 1065 432 dimitltit,
1089 354 1127 413 ut
1151 351 1202 414 sui
1222 353 1303 416 iuris
1325 373 1338 417 a
1360 334 1438 424 W)

126 453 297 538 efficiatur3
321 447 434 519 deinde
459 459 515 520 aut
537 457 622 540 patri
645 445 889 540 remanlcipatur
913 459 946 518 et
969 454 1007 519 ab
1032 456 1132 539 eois,
1153 459 1207 541 qui
1226 457 1298 522 ado·
1320 479 1335 523 c

127 565 214 646 ptat,
236 560 378 624 vindicat
398 560 481 647 apud
504 565 699 646 praetorem,
721 560 727 646 Ι
746 560 852 626 fflium
875 582 969 626 suum
992 581 1075 638 esse,
1099 568 1130 626 et
1152 561 1210 628 illo
1233 586 1339 632 con-s

123 672 175 730 tra
205 686 268 731 non
297 665 498 739 vindicante,
521 672 647 753 praetor
667 664 854 740 vinidioanti
878 663 974 730 filium
1000 666 1135 745 addicit;
1162 675 1216 734 aut
1240 692 1303 736 non
1324 693 1338 736 o

122 773 358 857 remancipetur
387 754 489 858 patri,
513 774 566 836 sed
585 772 590 858 Ι
611 773 650 836 ab
675 793 711 837 eo
734 771 894 848 vindicat,
919 773 948 836 is
972 774 1028 857 qui
1051 772 1197 858 adoptat,
1221 778 1303 859 apud
1324 798 1338 841 r

123 899 213 962 quem
244 878 277 941 in
307 883 395 942 tertia
410 879 436 965 ²)
457 878 462 965 Ι
482 880 716 964 mancipatione
747 882 812 955 est,
840 877 895 942 sed
916 899 990 942 sane
1014 880 1211 946 commodius
1234 896 1300 967 est,
1324 905 1338 950 s

123 986 209 1070 patri
238 981 465 1071 relmancipari.
505 983 542 1048 In
572 986 704 1049 caeteris
733 1003 809 1049 vero
830 982 1004 1048 liberorum
1027 987 1186 1070 personis,
1210 1008 1267 1052 seu
1286 989 1336 1072 {aa

122 1088 294 1155 masculini
318 1111 373 1155 seu
396 1090 507 1155 femini
529 1111 639 1168 sexus,
659 1111 723 1156 una
742 1089 863 1154 scilicet
884 1086 1087 1177 municipatio
1110 1090 1240 1165 sufficit,
1266 1099 1298 1159 et
1321 1116 1355 1173 ro,
1368 1116 1393 1161 rr

124 1200 181 1259 aut
212 1196 468 1280 remancipantur
494 1196 619 1280 parenti
642 1199 698 1259 aut
718 1195 723 1281 Ι
743 1216 805 1259 non
828 1197 1092 1280 remancipantur.
1127 1195 1246 1263 Eadem
1268 1206 1300 1264 et
1323 1221 1349 1265 rr

123 1303 160 1365 in
182 1302 354 1384 provinciis
378 1301 462 1386 apud
482 1301 669 1391 praesildem
694 1303 875 1386 provinciae
899 1299 1004 1366 solent
1023 1298 1101 1366 fieri.
1123 1302 1129 1388 t
1322 1327 1348 1372 rs

25 1405 108 1491 135)
171 1405 232 1488 Qui
268 1427 307 1471 ex
337 1404 403 1471 filio
433 1405 532 1471 semel
561 1408 722 1472 iterumve
752 1406 983 1491 mancipato†³)
1015 1411 1183 1492 conceptus
1203 1409 1209 1494 Ι
1229 1416 1294 1488 est,
1318 1433 1393 1486 rurs
1468 1423 1470 1434 ⁴

121 1511 200 1578 licet
228 1519 300 1597 post
331 1513 461 1577 tertiam
492 1514 759 1598 mancipationem
784 1513 885 1599 patris
908 1513 958 1576 sui
978 1512 984 1597 Ι
1004 1518 1167 1592 nascatur,
1191 1519 1347 1583 tamense

122 1621 159 1683 in
181 1621 235 1684 ari
257 1621 412 1703 potestate
436 1622 501 1690 est,
526 1622 558 1682 et
581 1617 652 1684 ideo
676 1618 715 1682 eb
739 1638 775 1684 eo
796 1619 801 1703 Ι
822 1631 854 1682 et
874 1618 1050 1702 mancipari
1063 1620 1139 1683 etin
1158 1617 1298 1707 adoptio
1322 1645 1347 1689 rr

121 1746 199 1790 nem
222 1723 290 1788 dari
312 1728 425 1809 potest.
461 1724 506 1789 At
527 1725 573 1799 is,
595 1724 602 1807 Ι
622 1725 677 1807 qni
700 1744 739 1789 ex
763 1743 799 1788 eo
821 1720 888 1788 fflio
910 1730 1079 1809 conceptus
1099 1729 1164 1803 est,
1185 1729 1293 1812 quiin
1316 1750 1343 1794 re

122 1833 220 1896 tertia
242 1831 486 1918 mancipattione
510 1834 574 1905 est,
598 1819 825 1894 non'nascitur
844 1829 879 1894 in
899 1831 952 1894 avi
971 1833 1144 1915 potestate,
1157 1831 1212 1896 sed
1224 1853 1298 1897 eum
1322 1854 1348 1899 se

122 1937 241 2022 habeto
272 1935 403 2022 quidem
433 1936 596 1999 existimat
625 1936 659 1998 in
690 1934 831 1999 eiusdem
860 1936 1020 2021 mancipio
1052 1955 1117 2000 esse
1141 1938 1242 2008 cuitus
1265 1942 1297 2003 et
1318 1959 1355 2023 sc,
1368 1959 1393 2006 n

121 2048 214 2128 pater
240 2043 300 2106 sit:
324 2042 448 2105 utimur
471 2044 579 2106 autem
601 2040 661 2106 hoc
683 2042 768 2116 iure,
795 2043 848 2118 ut,
875 2040 1029 2126 quamdiu
1051 2037 1153 2129 palter
1176 2044 1244 2106 eius
1265 2045 1300 2108 in
1322 2065 1349 2109 ss

119 2149 282 2233 mancipio
315 2147 372 2223 sit,
407 2145 543 2231 pendeat
573 2148 624 2209 ius
657 2146 740 2222 eius,
773 2149 805 2211 et
831 2146 858 2210 si
882 2145 1011 2230 quidem
1032 2145 1037 2220 Ι
1058 2152 1147 2232 pater
1169 2151 1238 2215 eius
1260 2170 1299 2214 ex
1322 2172 1348 2217 sa

116 2254 352 2338 mancipatione
383 2254 600 2316 manumissus
628 2251 775 2334 [fc]erit‚
801 2252 891 2318 cadat
911 2253 916 2338 Ι
936 2254 971 2318 in
994 2254 1063 2318 eius
1086 2259 1295 2339 potestatem,
1320 2277 1346 2322 re

119 2363 246 2426 sivero
270 2360 316 2436 is,
340 2356 419 2422 dum
442 2359 477 2423 in
500 2359 660 2441 mancipio
685 2358 741 2433 sit,
769 2355 976 2437 dellcesserit
1000 2360 1050 2422 sui
1074 2360 1154 2424 iuris
1176 2358 1270 2448 fiat!
1355 2360 1399 2428 38

19 2465 122 2556 135α)
170 2464 290 2530 Eadem
311 2463 457 2541 scilicet†
476 2464 482 2548 Ι
501 2467 525 2541 †
544 2463 550 2549 Ι
570 2468 608 2527 ut
627 2482 722 2547 supra
744 2461 901 2541 diximus,
920 2462 1005 2547 quod
1022 2465 1057 2529 in
1077 2461 1145 2530 filio
1163 2465 1285 2531 faciunt
1292 2453 1436 2553 (cujuss)

105 2637 301 2656 ῃ

113 2724 200 2787 missi,
219 2721 353 2775 succedere
371 2720 407 2773 eis
426 2719 557 2772 naturalis
574 2728 650 2789 peter
669 2737 721 2772 non
736 2729 834 2788 potest,
854 2721 907 2772 neti
918 2720 1093 2790 fiduciarius,
1113 2739 1131 2774 α
1150 2739 1200 2793 qao
1216 2741 1309 2777 manu·

112 2814 190 2867 missi
205 2821 273 2864 auat.
311 2811 385 2864 Nam
402 2811 427 2863 ei
443 2810 649 2882 remancipatam
667 2811 719 2862 ceti
736 2811 866 2864 necaretis
880 2820 959 2881 pater
977 2813 1017 2865 vel
1035 2830 1098 2865 acue
1116 2815 1308 2879 monume'cerit,
1351 2873 1352 2878 η

112 2904 169 2974 ipse
187 2903 223 2955 cic
241 2901 270 2953 in
288 2901 428 2954 hereditate
446 2899 565 2952 succedit.
941 2889 943 2894 ’
1181 2891 1185 2899 “

151 2990 300 3044 Praeterea
317 2987 403 3058 periit
421 2987 502 3042 nobis
520 2986 551 3040 in
570 2986 666 3041 eadem
686 3003 750 3058 pag.
771 2986 911 3056 sequentis
931 2987 965 3057 §i
984 2989 1170 3060 principium..

153 3081 181 3150 *J
200 3077 321 3150 »pagine
340 3080 427 3132 exter.
449 3094 483 3132 ex
502 3080 582 3148 parte
603 3095 658 3132 non
679 3077 761 3132 facile
780 3077 912 3148 legitur”.

154 3169 184 3240 l)
204 3166 331 3222 Goschcn
350 3166 506 3236 supplevit:
527 3167 694 3221 »Praeterea
712 3170 843 3237 parentes
862 3166 948 3222 etiam
963 3167 1066 3222 liberos
1083 3168 1112 3221 in
1129 3167 1308 3238 adoptionem

113 3258 197 3314 datos
215 3258 246 3311 in
266 3257 407 3326 potestate
423 3254 526 3310 hebere
546 3255 690 3312 desinunt:
710 3259 740 3311 et
758 3255 788 3310 in
803 3256 860 3311 filio
870 3255 984 3326 quidem
994 3259 1050 3312 tres
1063 3257 1308 3328 mancipationes”.

112 3347 220 3415 Quibus
245 3350 341 3401 tamen
366 3345 457 3400 verbis
483 3362 550 3400 cave
574 3345 669 3401 credes
688 3345 856 3416 principium
874 3345 958 3400 huius
978 3349 1014 3416 §i
1033 3345 1209 3416 deperditum
1228 3347 1308 3403 recti·

113 3441 213 3494 tutum
238 3452 305 3491 esse.
343 3434 517 3490 Satis'enim
543 3451 577 3489 ex
602 3436 656 3490 tine
677 3439 711 3506 §i
730 3438 812 3507 patet
830 3434 916 3490 etiam
935 3436 1040 3492 Romae
1060 3436 1230 3492 mentionem
1249 3453 1308 3493 esse

113 3527 231 3583 factam.

153 3617 182 3688 2)
200 3615 246 3671 Ita
274 3612 400 3669 scudem.
429 3616 459 3669 et
487 3612 635 3669 Goudsmit
662 3614 738 3670 hunc
765 3614 859 3670 locum
883 3615 1083 3682 restituerunt,
1109 3615 1163 3670 nisi
1181 3617 1257 3686 quod
1276 3616 1309 3673 (t.

112 3706 200 3778 legit:
219 3703 378 3762 vindicatur
397 3702 421 3758 is
440 3703 489 3774 qni
507 3703 668 3774 adoptatur.

154 3797 184 3868 3)
206 3792 354 3848 Excedisse
372 3793 443 3848 mihi
460 3793 572 3848 ridetur
590 3811 686 3850 versus
705 3793 866 3865 archetypi:

249 3891 330 3966 »pcto
350 3879 387 3946 dt
400 3881 681 3962 legitimo‘TnTnnid'
701 3893 751 3960 (ε
770 3892 912 3946 contracto
936 3889 1084 3947 dumtaxat
1103 3892 1229 3964 legitimo
1248 3912 1308 3950 ma-

285 3979 439 4051 trimonio.)

154 4070 183 4141 ¹)
204 4087 284 4142 apag.
303 4069 419 4127 interior
438 4070 553 4141 propter
571 4069 741 4125 Bluhmiana
759 4068 963 4125 medicamenta
978 4070 1140 4128 difficillime
1158 4074 1289 4145 legitrrr”.

184 4191 189 4200 '
1301 4187 1316 4232 6
