2880 4614
190 10 259 90 294,
432 11 933 100 11111.ΙΠ.1111111.11.111-*3.
958 32 1048 80 xxix.
1072 37 1120 102 pr.

710 203 858 269 XXVIII.

263 377 336 436 PER
357 376 452 446 QUAS
472 375 665 445 PERSONAS
685 373 799 434 NOBIS
821 374 1027 434 OBLIGATIO
1048 375 1291 445 ADQUIRITUR.

237 537 418 633 Expositis
451 536 642 635 generibus
678 534 950 634 obligationum,
987 562 1078 635 qnae
1113 561 1155 606 ex
1188 546 1367 607 contractu

191 650 242 717 vel
267 655 357 737 quasi
380 673 418 716 cx
440 657 600 717 contractu
627 660 840 741 nascuntur,
862 647 1077 720 admonendi
1095 675 1214 719 sumus
1232 648 1367 747 adquiri

190 762 291 833 vobis
325 791 397 834 non
430 759 546 835 solum
579 790 642 861 per
676 774 812 834 vosmet
846 765 965 860 ipsos,
1000 760 1062 833 sed
1095 765 1200 833 etiarn
1225 788 1290 858 per
1316 789 1368 833 eas

191 903 331 974 quoqne
365 904 552 974 personas.
589 904 678 975 quae
711 878 748 946 in
779 889 896 948 vestra
926 887 1098 973 potestate
1133 888 1233 968 sunt,
1269 876 1368 942 veluti

191 1013 248 1076 per
273 1013 377 1057 servos
400 998 520 1058 vestros
543 997 575 1058 et
598 991 695 1058 filios:
719 998 756 1056 ut
778 998 903 1070 tamen,
929 993 1012 1078 quod
1034 1013 1090 1076 per
1109 1012 1215 1057 servos
1239 991 1366 1074 quidem

191 1099 282 1162 vobis
309 1099 502 1183 adquiritur,
528 1104 634 1164 totum
656 1104 799 1164 vestrum
822 1099 896 1172 fiat,
919 1099 1002 1184 quod
1026 1103 1135 1163 autem
1159 1118 1214 1182 per
1234 1097 1367 1171 liberos,

192 1223 269 1286 quos
292 1207 325 1268 in
348 1211 503 1290 potestate
526 1206 666 1289 habetis,
691 1228 729 1270 ex
752 1205 946 1293 obligatione
964 1205 1061 1270 fuerit
1081 1205 1291 1288 adquisitum3
1314 1203 1368 1266 hoc

104 1329 108 1338 ¹
192 1309 355 1375 dividatur
382 1313 554 1376 secundum
586 1315 760 1399 imaginem
783 1333 890 1377 rerum
909 1314 1112 1397 proprietatis
1135 1322 1167 1374 et
1190 1331 1268 1374 usus
1291 1310 1369 1373 fruc

193 1421 261 1492 tus,
300 1438 396 1500 quam
430 1424 536 1482 nostra
570 1419 720 1483 discrevit
750 1421 950 1484 constitutio:
984 1424 1038 1497 nt,
1070 1417 1154 1502 quod
1184 1417 1222 1480 ab
1249 1418 1368 1480 actione

187 1523 394 1587 'commodum
436 1525 616 1608 perveniat,
655 1525 751 1589 huius
785 1525 1055 1589 usumfructum
1092 1523 1220 1609 quidem
1258 1523 1369 1586 habeat

191 1635 300 1713 pater,
332 1633 506 1714 proprietas
538 1634 644 1694 autem
677 1630 743 1697 filio
774 1637 934 1714 servetur,
958 1631 1079 1694 scilicet
1102 1634 1192 1714 patre
1215 1632 1369 1693 actionem

190 1742 338 1800 movente
367 1737 540 1801 secundum
571 1737 714 1802 novellae
744 1745 869 1804 nostrae
898 1739 1134 1803 constitutionis
1166 1736 1367 1814 diuisionem.

165 1840 282 1922 ¹ltem
309 1866 372 1935 per
400 1840 533 1911 liberos
567 1841 728 1912 homines
761 1853 796 1912 et
829 1841 964 1912 alienos
997 1868 1137 1934 servos,
1163 1867 1254 1937 qnos
1279 1839 1387 1909 bonai

190 1949 262 2021 fide
294 1953 504 2049 possidetis,
537 1953 732 2052 adquiritur
767 1954 888 2040 vobiS,
915 1954 978 2025 sed
1005 1964 1137 2024 tantum
1165 1979 1208 2024 ex
1234 1951 1370 2024 duabus

190 2066 322 2158 causis,
346 2066 383 2136 id
410 2078 464 2137 est
487 2070 518 2137 si
543 2067 628 2165 quid
655 2095 709 2140 er¹
724 2071 839 2166 operis
867 2071 939 2140 suis
964 2068 1021 2140 vel
1047 2093 1146 2138 exre
1173 2077 1289 2136 vestra
1308 2067 1372 2136 ad·

99 2251 100 2254 ,
191 2179 341 2274 quirant.
391 2181 464 2250 Per
484 2207 562 2250 eum
586 2208 725 2279 quoque
748 2209 907 2254 servum.
928 2184 965 2251 in
990 2208 1061 2279 quo
1087 2207 1188 2250 usum
1215 2179 1387 2250 fruaturne

189 2291 246 2367 vel
280 2319 379 2362 usum
418 2293 574 2387 habetis,
608 2294 766 2366 similiter
798 2323 841 2367 ex
867 2294 1002 2367 duabus
1027 2295 1103 2365 istis
1130 2295 1246 2365 causis
1274 2293 1369 2364 vohis

191 2404 396 2502 adquiritur.
447 2406 680 2478 Communem
714 2434 851 2478 servum
886 2435 950 2505 pro
976 2407 1154 2478 dominica
1178 2418 1279 2504 parte
1306 2405 1388 2478 do·a

190 2521 295 2590 minis
320 2519 505 2617 adquirere
534 2531 667 2591 eertum
695 2533 770 2612 est,
796 2533 941 2617 excepto
970 2547 1029 2613 11,
1053 2518 1149 2619 quod
1170 2521 1232 2589 uni
1255 2521 1368 2590 nomi-

190 2635 298 2702 natim
338 2633 538 2730 stipulando
576 2646 635 2705 aut
667 2658 724 2720 per
756 2637 960 2700 traditionem
995 2635 1176 2720 accipiendo
1213 2631 1268 2701 illi
1307 2632 1370 2702 soli

191 2744 360 2842 adquirit,
393 2747 502 2817 veluti
535 2774 614 2817 cum
648 2749 696 2818 ita
732 2747 931 2844 stipuletur:
967 2748 1077 2818 ‘Titio
1111 2747 1259 2817 domino
1294 2773 1369 2816 meo

174 2857 273 2928 'dare
300 2859 489 2954 spondes?
534 2861 588 2926 sed
619 2865 646 2926 si
676 2865 772 2926 unius
803 2862 924 2926 domini
951 2866 1040 2926 iussu
1063 2883 1172 2928 servus
1195 2861 1294 2926 fuerit
1318 2865 1367 2926 sti-

190 2973 338 3057 pulatus,
367 2973 443 3038 licet
473 2971 564 3039 antea
595 2974 820 3049 dubitabatur,
851 2978 959 3038 tamen
981 2979 1052 3058 post
1075 2979 1217 3038 nostram
1241 2973 1365 3038 decisio
1425 3005 1426 3008 ¹

190 3100 265 3144 nem
295 3101 344 3145 res
374 3080 520 3164 expedita
547 3085 610 3155 est,
636 3085 673 3143 ut
695 3080 748 3145 illi
770 3085 898 3146 tantum
922 3081 1086 3166 adquirat,
1112 3082 1167 3164 qui
1190 3079 1251 3144 hoc
1275 3082 1306 3144 11
1327 3081 1365 3145 fa

192 3207 260 3260 cere
283 3188 393 3270 iussit,
417 3191 455 3250 ut
478 3206 572 3271 supra
595 3185 718 3251 dictum
742 3191 817 3251 est.

696 3420 862 3488 XXVIIII.

420 3590 692 3663 1111111111
713 3589 918 3650 causano
940 3549 1134 3648 rourum.

235 3756 374 3822 Tollitur
404 3760 513 3822 autem
536 3756 640 3820 omnis
664 3754 818 3841 obligatio
841 3752 998 3819 solutione
1022 3755 1089 3818 eius
1113 3753 1199 3837 quod
1222 3753 1358 3828 debetur,

190 3862 244 3929 vel
275 3866 302 3928 si
333 3865 403 3946 quis
434 3863 646 3927 consentiente
671 3861 824 3925 creditore
848 3859 936 3924 aliud
959 3881 1014 3946 pro
1038 3859 1100 3924 alio
1123 3859 1268 3925 solverit.
1313 3877 1359 3921 nec

190 3975 298 4034 tamen
328 3971 473 4044 interest,
508 3970 579 4052 quis
612 3966 731 4043 solvat,
764 3973 874 4030 utrum
908 3968 975 4052 ipse
997 3969 1060 4051 'qui
1089 3965 1183 4031 debet
1216 3987 1256 4030 an
1288 3964 1357 4029 alius

188 4096 244 4163 pro
277 4093 329 4140 eo:
361 4073 515 4138 liberatur
546 4075 633 4138 enim
662 4076 694 4137 et
724 4071 786 4138 alio
813 4072 973 4158 solvente,
998 4075 1065 4139 sire
1088 4074 1207 4139 sciente
1231 4072 1357 4138 debitore
