2964 4596
537 107 622 164 uun.
641 90 683 158 11.
707 111 742 158 11.
761 114 808 178 pr.
822 94 858 178 ἓξ
872 89 972 158 1-3.

730 279 774 348 ΙΙ.

464 388 526 490 ’ΒΕ
546 430 667 490 nunus
687 429 1024 490 mooueoannmns.

206 569 391 666 Quaedem
425 583 606 671 praeterea
640 597 698 664 res
729 570 932 669 corporales
957 551 1058 660 sunt,
1085 571 1259 670 quaedam
1284 573 1343 641 in-

157 683 372 782 corporales.
423 682 638 782 Corporales
671 710 735 755 eac·
768 694 870 779 sunt,
895 709 986 781 quae
1011 685 1066 756 sui
1091 694 1217 755 natura
1241 684 1377 783 tangit

156 779 323 894 possunt:
356 796 466 869 veluti
500 797 632 868 fundus
665 795 772 868 homo
802 798 910 869 vestis
941 823 1071 884 aururn
1097 807 1284 896 argentum
1308 808 1344 869 et

157 909 310 1008 denique
329 909 419 981 aliae
437 936 494 981 res
512 909 800 982 innumerabiles.
836 909 1088 1006 Incorporalcs
1106 920 1221 981 autem
1242 922 1342 1004 sunt,

156 1046 246 1119 quae
277 1024 378 1121 tangi
406 1049 482 1094 non
506 1033 668 1121 possunt.
718 1022 837 1121 qualia
873 1034 956 1094 sunt
988 1049 1051 1112 ea,
1087 1025 1240 1121 quaein
1266 1024 1341 1094 iure

160 1137 377 1207 consistunt:
423 1137 514 1207 sicut
559 1134 757 1229 hereditas,
794 1159 879 1206 usus
916 1135 1068 1230 fructus,
1106 1135 1343 1235 obligationes

158 1273 301 1345 quoquo
327 1247 433 1320 modo
460 1259 674 1320 contractae.
724 1274 791 1320 nec
816 1246 862 1319 ad
887 1274 961 1319 rem
986 1250 1158 1346 pertinet,
1183 1249 1280 1347 quod
1304 1251 1344 1319 in

156 1358 351 1433 hereditate
388 1388 446 1434 res
485 1362 689 1460 corporales
724 1364 966 1434 continentur:
1004 1388 1085 1432 nam
1121 1371 1156 1433 et
1193 1362 1349 1450 fructus,

157 1475 219 1572 qui
253 1501 296 1545 ex
331 1473 457 1547 fundo.
475 1476 738 1573 percipiuntur,
773 1475 976 1574 corporales
1001 1485 1083 1546 sunt
1108 1485 1144 1546 et
1168 1474 1226 1569 id,
1244 1474 1342 1572 quod

160 1613 203 1658 ex
228 1586 348 1685 aliqua
373 1585 591 1686 obligatione
617 1585 722 1659 nobis
744 1587 912 1682 debetur,
931 1587 1137 1685 plerumque
1158 1587 1343 1684 corporale

159 1711 232 1796 est,
265 1701 376 1773 veluti
409 1699 541 1771 fundus
573 1698 681 1771 homo
708 1702 878 1798 pecunia:
904 1729 986 1773 nam
1012 1703 1127 1798 ipsum
1152 1700 1206 1769 ius
1229 1698 1345 1772 liere-

156 1810 278 1884 ditatis
311 1824 347 1884 ct
378 1814 493 1910 ipsum
519 1815 574 1884 ius
599 1811 722 1884 utendi
747 1812 888 1884 fruendi
913 1824 948 1885 et
971 1815 1086 1912 ipsum
1110 1814 1165 1884 ius
1191 1810 1343 1913 obliga·
1463 1871 1464 1876 1

156 1925 263 1996 tionis
288 1925 512 2024 incorporale
537 1936 600 1998 est.
644 1924 785 1996 Eodem
806 1953 952 1998 numero
972 1937 1054 1998 sunt
1071 1927 1147 1996 iura
1167 1927 1344 2022 praedio-

155 2063 235 2108 rum
253 2036 470 2110 urbanorum
489 2048 525 2108 et
541 2038 770 2130 aretinorum,
790 2065 880 2136 quae
899 2029 935 2112 et
953 2041 1140 2112 servitutes
1158 2052 1343 2116 vocantur.
