3024 4574
209 43 252 108 64
610 59 693 107 ruer.
706 39 730 106 I.
755 60 799 106 xr.
813 43 830 126 §
843 41 986 107 11-12.

206 229 303 300 Illud
345 230 523 327 proprium
565 241 618 316 est
657 228 751 299 iilius
785 228 1005 326 adoptionis,
1039 253 1119 318 quae
1151 253 1207 318 per
1241 255 1367 299 eaerum
1390 255 1414 299 u
1505 258 1506 289 ;

207 343 372 410 oraculum
394 342 450 427 fit,
482 341 577 439 quod
610 343 661 434 is,
699 342 760 439 qm
788 340 921 413 liberos
945 344 982 414 in
1006 355 1179 440 potestate
1204 342 1326 438 habet,
1350 346 1382 416 si
1505 346 1506 351 ’

207 482 246 528 se
276 454 520 553 adrogandum
552 453 709 556 dederit,
739 481 811 526 non
845 455 958 527 solnm
984 458 1059 552 ipse
1084 459 1249 552 potestati
1271 457 1382 529 adro·
1506 461 1507 494 ³

204 570 339 668 putoris
371 567 563 660 subicitur,
597 568 660 638 sed
686 569 791 640 etiem
815 567 919 640 liberi
946 571 1020 640 eius
1046 572 1085 640 in
1110 569 1267 641 eiusdem
1291 569 1382 642 fiunt
1506 615 1507 694 p

206 691 377 780 potestate
411 694 589 778 tamquam
622 693 779 777 nepotes.
827 685 872 748 sie
905 687 992 749 enim
1027 689 1059 749 et
1088 683 1182 750 dirue
1212 685 1380 772 Augustus
1506 719 1507 784 t

206 819 269 865 non
292 802 364 864 ente
387 795 552 860 Tiberium
575 796 753 880 adoptavit,
778 816 875 881 quam
898 798 926 860 is
949 793 1176 862 Germanicum
1197 797 1378 881 adoptavit:
1506 791 1507 800 ³

207 911 245 970 ut
270 904 415 989 protinus
438 901 605 986 adoptione
627 901 711 966 faeta
733 903 867 988 incipiet
889 899 1099 970 Germanicus
1121 903 1262 990 Augusti
1283 924 1381 988 nepos

208 1031 285 1076 esse.
329 1008 424 1095 Apud
448 1004 599 1074 Catonem
622 1009 701 1074 bene
724 1011 880 1094 seriptum
901 1009 998 1073 refert
1022 1011 1210 1093 antiquitas,
1235 1011 1319 1074 servi
1337 1012 1365 1074 si
1389 1032 1420 1076 ιε
1504 999 1507 1088 i

209 1116 382 1182 adomino
416 1113 558 1198 adoptati
588 1115 671 1186 sint,
705 1135 744 1178 ex
773 1115 833 1179 hoe
855 1117 924 1200 ipso
945 1133 1035 1199 porse
1057 1113 1195 1178 liberari.
1242 1114 1382 1180 undeet
1506 1105 1507 1120 ¹

207 1241 264 1286 noe
294 1220 411 1285 eruditi
439 1221 474 1282 in
503 1225 610 1284 nostra
640 1222 864 1288 constitutione
895 1221 993 1284 etiam
1016 1240 1091 1284 eum
1114 1240 1260 1296 servum,
1285 1240 1383 1304 quem

206 1328 352 1393 dominus
383 1327 462 1391 entis
492 1327 776 1392 intervenientibus
805 1324 910 1390 filium
934 1345 1028 1390 suum
1050 1327 1280 1410 nominaverit,
1303 1325 1385 1390 libe·

209 1451 283 1496 rum
313 1451 378 1496 esse
409 1433 650 1515 constituimus,
681 1430 758 1496 lieet
790 1431 849 1496 hoc
880 1431 920 1496 ad
950 1434 1001 1496 ius
1029 1428 1089 1495 filii
1109 1431 1327 1516 accipiendum
1352 1434 1386 1497 ei

208 1557 273 1604 non
295 1533 455 1614 suffieit*
486 1553 492 1584 ··
1234 1529 1237 1534 ’
