3024 4574
179 75 222 142 38
583 97 665 146 meu.
690 80 714 146 Ι.
738 99 771 147 x.
796 83 832 166 ἧς
846 82 944 147 1-2.
1027 122 1029 127 -
1130 39 1131 44 Ἰ

96 332 98 338 .
222 264 324 362 Ergo
350 292 422 336 non
447 292 570 338 omnes
595 265 699 337 nobis
723 293 850 338 uxores
877 267 1006 339 ducere
1027 268 1127 339 lieet:
1150 293 1232 338 nam
1253 292 1390 365 qua-1
1487 307 1488 314 ξ

174 377 323 449 rundam
360 381 490 476 nuptiis
523 379 770 450 abstinendum
801 392 864 451 est.
903 383 1079 452 intereas
1105 381 1198 451 enim
1223 405 1357 478 perso-

175 516 259 583 nas,
283 518 373 589 quae
398 503 582 590 parentum
609 491 845 580 liberorumve
865 492 982 564 locum
1004 495 1153 564 interce
1174 499 1355 590 optinent,

175 605 317 700 nuptiae
359 605 523 677 contrahi
564 632 635 677 non
669 617 838 703 possunt,
874 606 983 679 veluti
1020 607 1112 676 inter
1147 617 1282 703 patrem
1321 616 1357 676 et

178 715 288 787 filiam
315 717 371 788 vei
396 745 498 789 avum
521 728 556 789 et
576 729 716 814 neptem
738 718 793 789 vel
814 731 962 790 matrem
982 732 1017 791 et
1037 719 1149 789 fitium
1171 718 1226 790 vel
1238 718 1354 789 aviam

176 840 211 900 et
231 841 396 927 nepotem
419 843 454 902 et
478 857 589 929 usque
611 831 655 902 ad
675 831 850 903 infinitum
862 850 871 902 :
885 844 919 904 et
932 834 962 904 si
974 832 1064 905 tales
1077 857 1249 929 personae
1262 832 1354 903 inter

84 1011 86 1016 ,
169 967 207 1014 se
244 944 412 1038 coierint,
448 944 602 1016 nefarias
635 957 739 1043 utque
773 947 927 1018 incestas
959 946 1101 1042 nuptias
1134 945 1354 1016 contraxisse

171 1054 346 1127 dicuntur.
381 1069 416 1128 et
447 1057 536 1131 haee
562 1057 652 1130 adeo
677 1061 723 1128 ita
750 1071 851 1153 sunt,
877 1071 936 1147 ut,
961 1059 1123 1156 quamvis
1146 1083 1211 1154 per
1235 1043 1359 1154 adop-
1487 1093 1488 1146 t

171 1170 304 1240 tionem
336 1183 521 1266 parentum
559 1169 793 1244 liberorumve
830 1172 912 1245 loco
938 1170 1006 1242 sibi
1043 1197 1119 1243 esse
1158 1173 1356 1267 coeperint,
1487 1169 1488 1196 ³

174 1308 247 1352 non
272 1284 411 1380 possint
434 1285 527 1357 inter
547 1311 584 1357 se
603 1286 828 1358 matrimonio
853 1287 952 1384 iungi
971 1285 1008 1354 in
1026 1295 1181 1377 tantum,
1198 1296 1237 1356 ut
1250 1286 1356 1356 etiam

173 1393 344 1466 dissoluta
373 1395 562 1495 adoptione
587 1398 681 1468 idem
703 1400 789 1470 iuris
806 1409 975 1496 maneat:
1000 1399 1118 1496 itaque
1143 1423 1238 1490 eam,
1263 1423 1354 1494 quae
1487 1395 1488 1480 ]

173 1507 239 1579 tibi
267 1534 331 1604 per
361 1508 587 1608 adoptionem
621 1509 694 1582 fitia
727 1521 786 1582 aut
823 1511 938 1608 neptis
969 1536 1045 1582 esse
1076 1511 1253 1606 coeperit,
1282 1535 1354 1580 non

176 1622 311 1718 poteris
338 1648 482 1694 uxorem
506 1623 656 1717 ducere,
681 1624 841 1722 quamvis
867 1649 943 1694 eam
966 1623 1254 1720 emancipaveris.

220 1733 337 1804 Inter·
354 1761 414 1806 eas
448 1762 588 1835 quoque
613 1763 800 1834 personas,
824 1763 914 1834 quae
940 1763 982 1807 ex
1008 1748 1210 1807 transverso
1236 1733 1350 1831 gradu
1371 1757 1390 1801 e

171 1847 394 1945 cognationis
429 1849 638 1947 iunguntur,
672 1860 726 1921 est
755 1849 927 1948 quaedam
964 1848 1089 1920 similis
1129 1846 1352 1940 observatio,

172 1958 235 2030 sed
262 1985 333 2030 non
358 1971 467 2035 tanta.
502 1987 587 2033 sane
614 1963 707 2033 enim
724 1963 817 2034 inter
837 1961 981 2033 fratrem
1004 1977 1231 2057 sororemque
1253 1985 1354 2056 nup-

171 2073 241 2143 tiae
262 2072 459 2170 prohihitae
481 2085 583 2169 sunt,
603 2076 677 2147 sive
699 2075 745 2146 ab
766 2075 891 2147 eodem
912 2085 1011 2172 patre
1030 2072 1223 2171 eademqne
1243 2083 1353 2143 matre

171 2186 244 2256 nati
287 2187 434 2281 fuerint,
472 2187 545 2258 sive
579 2211 623 2258 ex
655 2187 824 2260 alterutro
854 2213 986 2260 eorum.
1034 2184 1097 2256 sed
1130 2186 1160 2256 si
1193 2210 1263 2284 qua
1292 2212 1355 2282 per

171 2297 397 2394 adoptionem
434 2325 536 2372 soror
572 2299 638 2372 tibi
675 2326 754 2372 esse
793 2302 969 2398 eoeperit,
1006 2297 1175 2397 quamdiu
1212 2298 1353 2395 quidem

172 2424 312 2483 constat
341 2412 505 2510 adoptio,
540 2439 624 2484 sane
658 2415 752 2485 inter
774 2423 810 2486 te
835 2424 871 2485 et
890 2439 968 2485 eam
994 2412 1136 2509 nuptiae
1162 2411 1355 2482 consistere

171 2549 243 2595 non
287 2537 453 2622 possunt:
501 2552 581 2598 cum
624 2553 709 2598 vero
754 2553 818 2625 per
854 2525 1171 2622 emancipationem
1209 2522 1353 2621 adoptio

170 2635 343 2711 dissoluta
373 2641 438 2732 sit,
470 2639 604 2737 poteris
634 2666 711 2712 eam
745 2666 890 2712 uxorem
921 2637 1073 2710 ducere:
1107 2635 1232 2709 sedet
1260 2638 1354 2710 situ

168 2752 408 2848 emancipatus
450 2751 581 2839 fireris,
619 2751 708 2823 nihil
745 2763 812 2825 est·
834 2752 1089 2849 impedimento
1126 2751 1268 2847 nuptiis.
1319 2759 1352 2819 et

172 2863 244 2930 ideo
267 2870 409 2944 constat,
433 2868 461 2932 ei
484 2869 555 2952 quie
577 2887 732 2956 generum
755 2867 904 2952 adoptare
926 2865 1022 2942 velit,
1049 2865 1162 2931 debere
1185 2885 1260 2929 eum
1280 2869 1356 2931 ante
1427 2893 1428 2896 ¹

172 2967 274 3036 filiam
304 2991 395 3037 suem
423 2973 636 3057 emancipare:
662 2976 694 3039 et
716 2974 745 3039 si
768 2973 840 3060 quis
862 2969 943 3054 velit
965 2991 1090 3058 nurum·
1107 2971 1272 3057 adoptare,
1299 2970 1352 3036 de·

172 3075 246 3144 bere
269 3097 343 3143 eum
368 3083 439 3144 ante
462 3075 567 3144 filium
590 3079 796 3165 emancipare.
