<?xml version="1.0" encoding="UTF-8"?>
<!DOCTYPE html PUBLIC "-//W3C//DTD XHTML 1.0 Transitional//EN"
    "http://www.w3.org/TR/xhtml1/DTD/xhtml1-transitional.dtd">
<html xmlns="http://www.w3.org/1999/xhtml" xml:lang="en" lang="en">
 <head>
  <title>
</title>
<meta http-equiv="Content-Type" content="text/html;charset=utf-8" />
  <meta name='ocr-system' content='tesseract 3.04.00' />
  <meta name='ocr-capabilities' content='ocr_page ocr_carea ocr_par ocr_line ocrx_word'/>
</head>
<body>
  <div class='ocr_page' id='page_1' title='image "./syntagmainstitu01studgoog_0530.png"; bbox 0 0 2890 4616; ppageno 0'>
   <div class='ocr_carea' id='block_1_1' title="bbox 494 1 1403 139">
    <p class='ocr_par' dir='ltr' id='par_1_1' title="bbox 494 1 1416 139">
     <span class='ocr_line' id='line_1_1' title="bbox 494 1 1403 139; baseline 0.011 -27"><span class='ocrx_word' id='word_1_1' title='bbox 494 46 808 134; x_wconf 52' lang='lat' dir='ltr'>mmoma</span> <span class='ocrx_word' id='word_1_2' title='bbox 1179 1 1403 139; x_wconf 54' lang='lat' dir='ltr'>mss,</span> 
     </span>
    </p>
   </div>
   <div class='ocr_carea' id='block_1_2' title="bbox 9 235 1348 2778">
    <p class='ocr_par' dir='ltr' id='par_1_2' title="bbox 9 235 1348 2778">
     <span class='ocr_line' id='line_1_2' title="bbox 54 235 1279 327; baseline 0.009 -25"><span class='ocrx_word' id='word_1_3' title='bbox 54 237 175 302; x_wconf 90' lang='lat' dir='ltr'>liberto</span> <span class='ocrx_word' id='word_1_4' title='bbox 198 239 306 301; x_wconf 87' lang='lat' dir='ltr'>contra</span> <span class='ocrx_word' id='word_1_5' title='bbox 329 235 467 302; x_wconf 90' lang='lat' dir='ltr'>edictum</span> <span class='ocrx_word' id='word_1_6' title='bbox 493 235 583 302; x_wconf 89' lang='lat' dir='ltr'>illius</span> <span class='ocrx_word' id='word_1_7' title='bbox 607 240 760 324; x_wconf 88' lang='lat' dir='ltr'>praetoris</span> <span class='ocrx_word' id='word_1_8' title='bbox 781 238 786 327; x_wconf 81' lang='grc' dir='ltr'>Ι</span> <span class='ocrx_word' id='word_1_9' title='bbox 805 242 840 303; x_wconf 93' lang='lat' dir='ltr'>in</span> <span class='ocrx_word' id='word_1_10' title='bbox 861 241 912 303; x_wconf 93' lang='lat' dir='ltr'>ius</span> <span class='ocrx_word' id='word_1_11' title='bbox 936 245 1085 306; x_wconf 86' lang='lat' dir='ltr'>vocatum</span> <span class='ocrx_word' id='word_1_12' title='bbox 1098 263 1179 322; x_wconf 90' lang='lat' dir='ltr'>csse,</span> <span class='ocrx_word' id='word_1_13' title='bbox 1195 267 1242 311; x_wconf 90' lang='lat' dir='ltr'>re·</span> <span class='ocrx_word' id='word_1_14' title='bbox 1266 269 1279 313; x_wconf 88' lang='grc'>1</span> 
     </span>
     <span class='ocr_line' id='line_1_3' title="bbox 54 341 1279 431; baseline 0.007 -22"><span class='ocrx_word' id='word_1_15' title='bbox 54 347 256 429; x_wconf 81' lang='lat' dir='ltr'>superatores</span> <span class='ocrx_word' id='word_1_16' title='bbox 277 341 373 407; x_wconf 91' lang='lat' dir='ltr'>illum</span> <span class='ocrx_word' id='word_1_17' title='bbox 392 342 545 408; x_wconf 88' lang='lat' dir='ltr'>libertum</span> <span class='ocrx_word' id='word_1_18' title='bbox 567 344 572 427; x_wconf 89' lang='grc' dir='ltr'>Ι</span> <span class='ocrx_word' id='word_1_19' title='bbox 591 344 642 409; x_wconf 89' lang='grc'><strong>1111</strong></span> <span class='ocrx_word' id='word_1_20' title='bbox 661 349 794 431; x_wconf 89' lang='lat' dir='ltr'>patrono</span> <span class='ocrx_word' id='word_1_21' title='bbox 806 344 879 410; x_wconf 81' lang='lat' dir='ltr'>HS.</span> <span class='ocrx_word' id='word_1_22' title='bbox 900 346 1009 411; x_wconf 88' lang='lat' dir='ltr'>decem</span> <span class='ocrx_word' id='word_1_23' title='bbox 1029 347 1159 413; x_wconf 90' lang='lat' dir='ltr'>milium</span> <span class='ocrx_word' id='word_1_24' title='bbox 1172 372 1242 416; x_wconf 92' lang='lat' dir='ltr'>con·</span> <span class='ocrx_word' id='word_1_25' title='bbox 1265 376 1279 418; x_wconf 82' lang='lat' dir='ltr'>s</span> 
     </span>
     <span class='ocr_line' id='line_1_4' title="bbox 53 434 1277 538; baseline 0.006 -22"><span class='ocrx_word' id='word_1_26' title='bbox 53 434 205 518; x_wconf 78' lang='lat' dir='ltr'>demnate</span> <span class='ocrx_word' id='word_1_27' title='bbox 216 497 224 528; x_wconf 91' lang='lat'>,</span> <span class='ocrx_word' id='word_1_28' title='bbox 245 450 273 514; x_wconf 88' lang='lat' dir='ltr'>si</span> <span class='ocrx_word' id='word_1_29' title='bbox 289 469 352 513; x_wconf 91' lang='lat' dir='ltr'>non</span> <span class='ocrx_word' id='word_1_30' title='bbox 371 453 479 534; x_wconf 89' lang='lat' dir='ltr'>paret,</span> <span class='ocrx_word' id='word_1_31' title='bbox 500 449 656 515; x_wconf 75' lang='lat' dir='ltr'>absolvite</span> <span class='ocrx_word' id='word_1_32' title='bbox 670 450 724 538; x_wconf 88' lang='lat'>¹).&#39;&#39;</span> <span class='ocrx_word' id='word_1_33' title='bbox 744 448 892 516; x_wconf 79' lang='lat' dir='ltr'>Caeteros</span> <span class='ocrx_word' id='word_1_34' title='bbox 905 472 1029 537; x_wconf 92' lang='lat' dir='ltr'>quoque</span> <span class='ocrx_word' id='word_1_35' title='bbox 1050 455 1055 538; x_wconf 87' lang='grc' dir='ltr'>Ι</span> <span class='ocrx_word' id='word_1_36' title='bbox 1075 455 1238 533; x_wconf 77' lang='lat' dir='ltr'>formulae,</span> <span class='ocrx_word' id='word_1_37' title='bbox 1264 483 1277 524; x_wconf 81' lang='lat' dir='ltr'>s</span> 
     </span>
     <span class='ocr_line' id='line_1_5' title="bbox 52 555 1280 642; baseline 0.006 -20"><span class='ocrx_word' id='word_1_38' title='bbox 52 577 137 642; x_wconf 89' lang='lat' dir='ltr'>quae</span> <span class='ocrx_word' id='word_1_39' title='bbox 161 556 219 622; x_wconf 88' lang='lat' dir='ltr'>sub</span> <span class='ocrx_word' id='word_1_40' title='bbox 243 555 339 622; x_wconf 90' lang='lat' dir='ltr'>titulo</span> <span class='ocrx_word' id='word_1_41' title='bbox 365 555 425 632; x_wconf 89' lang='lat' dir='ltr'>„dc</span> <span class='ocrx_word' id='word_1_42' title='bbox 450 557 483 619; x_wconf 91' lang='lat' dir='ltr'>in</span> <span class='ocrx_word' id='word_1_43' title='bbox 503 557 553 619; x_wconf 88' lang='lat' dir='ltr'>ius</span> <span class='ocrx_word' id='word_1_44' title='bbox 572 556 732 622; x_wconf 85' lang='lat' dir='ltr'>vocando’&#39;</span> <span class='ocrx_word' id='word_1_45' title='bbox 751 559 928 642; x_wconf 74' lang='lat' dir='ltr'><strong>propositae</strong></span> <span class='ocrx_word' id='word_1_46' title='bbox 948 562 1020 622; x_wconf 85' lang='lat' dir='ltr'>sunt</span> <span class='ocrx_word' id='word_1_47' title='bbox 1043 561 1048 642; x_wconf 80' lang='grc' dir='ltr'>Ι</span> <span class='ocrx_word' id='word_1_48' title='bbox 1068 561 1242 626; x_wconf 89' lang='lat' dir='ltr'>infactum</span> <span class='ocrx_word' id='word_1_49' title='bbox 1265 585 1280 630; x_wconf 88' lang='lat' dir='ltr'>a</span> 
     </span>
     <span class='ocr_line' id='line_1_6' title="bbox 51 659 1280 755; baseline 0.003 -25"><span class='ocrx_word' id='word_1_50' title='bbox 51 668 225 749; x_wconf 81' lang='lat' dir='ltr'>conceptae</span> <span class='ocrx_word' id='word_1_51' title='bbox 249 668 339 740; x_wconf 88' lang='lat' dir='ltr'>sunt,</span> <span class='ocrx_word' id='word_1_52' title='bbox 363 659 455 728; x_wconf 84' lang='lat' dir='ltr'>velut</span> <span class='ocrx_word' id='word_1_53' title='bbox 477 662 627 728; x_wconf 85' lang='lat' dir='ltr'>adversus</span> <span class='ocrx_word' id='word_1_54' title='bbox 650 685 740 747; x_wconf 86' lang='lat' dir='ltr'>eum,</span> <span class='ocrx_word' id='word_1_55' title='bbox 765 666 821 749; x_wconf 94' lang='lat' dir='ltr'>qui</span> <span class='ocrx_word' id='word_1_56' title='bbox 840 666 874 728; x_wconf 95' lang='lat' dir='ltr'>in</span> <span class='ocrx_word' id='word_1_57' title='bbox 894 667 945 755; x_wconf 89' lang='lat' dir='ltr'>ius</span> <span class='ocrx_word' id='word_1_58' title='bbox 966 667 970 750; x_wconf 71' lang='lat' dir='ltr'>l</span> <span class='ocrx_word' id='word_1_59' title='bbox 991 670 1123 731; x_wconf 84' lang='lat' dir='ltr'>vocatus</span> <span class='ocrx_word' id='word_1_60' title='bbox 1142 689 1243 753; x_wconf 90' lang='lat' dir='ltr'>neque</span> <span class='ocrx_word' id='word_1_61' title='bbox 1266 693 1280 736; x_wconf 87' lang='grc'>1</span> 
     </span>
     <span class='ocr_line' id='line_1_7' title="bbox 52 767 1279 861; baseline 0.003 -23"><span class='ocrx_word' id='word_1_62' title='bbox 52 773 181 839; x_wconf 82' lang='lat' dir='ltr'>venerit</span> <span class='ocrx_word' id='word_1_63' title='bbox 197 789 300 854; x_wconf 89' lang='lat' dir='ltr'>neque</span> <span class='ocrx_word' id='word_1_64' title='bbox 319 767 481 834; x_wconf 86' lang='lat' dir='ltr'>vindicem</span> <span class='ocrx_word' id='word_1_65' title='bbox 497 767 635 848; x_wconf 88' lang='lat' dir='ltr'>dederit,</span> <span class='ocrx_word' id='word_1_66' title='bbox 648 767 739 849; x_wconf 74' lang='lat' dir='ltr'>ittam</span> <span class='ocrx_word' id='word_1_67' title='bbox 752 775 859 861; x_wconf 91' lang='lat' dir='ltr'>contra</span> <span class='ocrx_word' id='word_1_68' title='bbox 871 791 963 848; x_wconf 91' lang='lat' dir='ltr'>eum,</span> <span class='ocrx_word' id='word_1_69' title='bbox 977 773 1077 854; x_wconf 91' lang='lat' dir='ltr'>quivi</span> <span class='ocrx_word' id='word_1_70' title='bbox 1090 778 1243 840; x_wconf 85' lang='lat' dir='ltr'>exemerit</span> <span class='ocrx_word' id='word_1_71' title='bbox 1266 799 1279 842; x_wconf 89' lang='lat' dir='ltr'>s</span> 
     </span>
     <span class='ocr_line' id='line_1_8' title="bbox 51 864 1279 962; baseline 0.002 -19"><span class='ocrx_word' id='word_1_72' title='bbox 51 900 148 954; x_wconf 92' lang='lat' dir='ltr'>eum,</span> <span class='ocrx_word' id='word_1_73' title='bbox 167 877 222 962; x_wconf 93' lang='lat' dir='ltr'>qui</span> <span class='ocrx_word' id='word_1_74' title='bbox 242 877 276 940; x_wconf 93' lang='lat' dir='ltr'>in</span> <span class='ocrx_word' id='word_1_75' title='bbox 300 877 350 940; x_wconf 89' lang='lat' dir='ltr'>ius</span> <span class='ocrx_word' id='word_1_76' title='bbox 373 879 555 951; x_wconf 85' lang='lat' dir='ltr'>vocaretur,</span> <span class='ocrx_word' id='word_1_77' title='bbox 578 878 583 960; x_wconf 76' lang='grc' dir='ltr'>Ι</span> <span class='ocrx_word' id='word_1_78' title='bbox 604 880 636 941; x_wconf 91' lang='lat' dir='ltr'>et</span> <span class='ocrx_word' id='word_1_79' title='bbox 657 877 792 962; x_wconf 88' lang='lat' dir='ltr'>denique</span> <span class='ocrx_word' id='word_1_80' title='bbox 814 864 1062 943; x_wconf 81' lang='lat' dir='ltr'>innumerabiles</span> <span class='ocrx_word' id='word_1_81' title='bbox 1086 880 1243 945; x_wconf 88' lang='lat' dir='ltr'>eiusmodi</span> <span class='ocrx_word' id='word_1_82' title='bbox 1260 903 1279 946; x_wconf 87' lang='grc'>1</span> 
     </span>
     <span class='ocr_line' id='line_1_9' title="bbox 52 981 1290 1072; baseline -0.005 -21"><span class='ocrx_word' id='word_1_83' title='bbox 52 985 139 1051; x_wconf 88' lang='lat' dir='ltr'>aliae</span> <span class='ocrx_word' id='word_1_84' title='bbox 163 981 331 1072; x_wconf 68' lang='lat' dir='ltr'>fortmulae</span> <span class='ocrx_word' id='word_1_85' title='bbox 354 984 388 1044; x_wconf 92' lang='lat' dir='ltr'>in</span> <span class='ocrx_word' id='word_1_86' title='bbox 408 981 480 1046; x_wconf 83' lang='lat' dir='ltr'>elbo</span> <span class='ocrx_word' id='word_1_87' title='bbox 501 987 728 1067; x_wconf 91' lang='lat' dir='ltr'>proponuntur.</span> <span class='ocrx_word' id='word_1_88' title='bbox 1266 1010 1290 1054; x_wconf 63' lang='grc' dir='ltr'>ιο</span> 
     </span>
     <span class='ocr_line' id='line_1_10' title="bbox 9 1087 1288 1174; baseline 0.005 -20"><span class='ocrx_word' id='word_1_89' title='bbox 9 1091 40 1173; x_wconf 82' lang='grc'>7)</span> <span class='ocrx_word' id='word_1_90' title='bbox 100 1089 166 1155; x_wconf 82' lang='lat' dir='ltr'>Sed</span> <span class='ocrx_word' id='word_1_91' title='bbox 197 1102 235 1152; x_wconf 79' lang='lat' dir='ltr'>ex</span> <span class='ocrx_word' id='word_1_92' title='bbox 266 1087 457 1172; x_wconf 88' lang='lat' dir='ltr'>quibusdam</span> <span class='ocrx_word' id='word_1_93' title='bbox 488 1089 592 1153; x_wconf 91' lang='lat' dir='ltr'>causis</span> <span class='ocrx_word' id='word_1_94' title='bbox 622 1093 748 1173; x_wconf 90' lang='lat' dir='ltr'>praetor</span> <span class='ocrx_word' id='word_1_95' title='bbox 778 1090 783 1174; x_wconf 81' lang='grc' dir='ltr'>Ι</span> <span class='ocrx_word' id='word_1_96' title='bbox 811 1094 842 1154; x_wconf 90' lang='lat' dir='ltr'>et</span> <span class='ocrx_word' id='word_1_97' title='bbox 863 1091 904 1154; x_wconf 74' lang='lat' dir='ltr'>&#39;in</span> <span class='ocrx_word' id='word_1_98' title='bbox 935 1091 985 1154; x_wconf 93' lang='lat' dir='ltr'>ius</span> <span class='ocrx_word' id='word_1_99' title='bbox 1008 1092 1096 1155; x_wconf 90' lang='lat' dir='ltr'>etin</span> <span class='ocrx_word' id='word_1_100' title='bbox 1119 1093 1241 1158; x_wconf 89' lang='lat' dir='ltr'>factum</span> <span class='ocrx_word' id='word_1_101' title='bbox 1266 1117 1288 1160; x_wconf 86' lang='grc'>11</span> 
     </span>
     <span class='ocr_line' id='line_1_11' title="bbox 52 1192 1291 1286; baseline 0.002 -22"><span class='ocrx_word' id='word_1_102' title='bbox 52 1200 223 1282; x_wconf 89' lang='lat' dir='ltr'>conceptas</span> <span class='ocrx_word' id='word_1_103' title='bbox 245 1192 399 1260; x_wconf 89' lang='lat' dir='ltr'>formulas</span> <span class='ocrx_word' id='word_1_104' title='bbox 422 1196 587 1279; x_wconf 78' lang='lat' dir='ltr'>proponit,</span> <span class='ocrx_word' id='word_1_105' title='bbox 611 1195 724 1286; x_wconf 71' lang='lat' dir='ltr'>velluti</span> <span class='ocrx_word' id='word_1_106' title='bbox 747 1196 882 1281; x_wconf 81' lang='lat' dir='ltr'>depositi</span> <span class='ocrx_word' id='word_1_107' title='bbox 903 1201 935 1261; x_wconf 92' lang='lat' dir='ltr'>ct</span> <span class='ocrx_word' id='word_1_108' title='bbox 954 1197 1162 1262; x_wconf 90' lang='lat' dir='ltr'>commodati:</span> <span class='ocrx_word' id='word_1_109' title='bbox 1186 1201 1243 1266; x_wconf 90' lang='lat' dir='ltr'>illa</span> <span class='ocrx_word' id='word_1_110' title='bbox 1267 1223 1291 1267; x_wconf 85' lang='lat' dir='ltr'>n</span> 
     </span>
     <span class='ocr_line' id='line_1_12' title="bbox 51 1299 1290 1399; baseline 0.002 -29"><span class='ocrx_word' id='word_1_111' title='bbox 51 1306 143 1371; x_wconf 89' lang='lat' dir='ltr'>enim</span> <span class='ocrx_word' id='word_1_112' title='bbox 160 1299 306 1368; x_wconf 81' lang='lat' dir='ltr'>-formula</span> <span class='ocrx_word' id='word_1_113' title='bbox 328 1319 408 1385; x_wconf 86' lang='lat' dir='ltr'>quae</span> <span class='ocrx_word' id='word_1_114' title='bbox 430 1301 477 1364; x_wconf 90' lang='lat' dir='ltr'>ita</span> <span class='ocrx_word' id='word_1_115' title='bbox 501 1307 662 1399; x_wconf 67' lang='lat' dir='ltr'>conpcepta</span> <span class='ocrx_word' id='word_1_116' title='bbox 683 1308 747 1367; x_wconf 91' lang='lat' dir='ltr'>est:</span> <span class='ocrx_word' id='word_1_117' title='bbox 771 1301 933 1380; x_wconf 85' lang='lat' dir='ltr'>„-iudex</span> <span class='ocrx_word' id='word_1_118' title='bbox 945 1307 1029 1368; x_wconf 89' lang='lat' dir='ltr'>esto:</span> <span class='ocrx_word' id='word_1_119' title='bbox 1043 1305 1127 1388; x_wconf 90' lang='lat' dir='ltr'>quod</span> <span class='ocrx_word' id='word_1_120' title='bbox 1138 1307 1241 1372; x_wconf 87' lang='lat' dir='ltr'>Aulus</span> <span class='ocrx_word' id='word_1_121' title='bbox 1266 1331 1290 1374; x_wconf 85' lang='grc'>11</span> 
     </span>
     <span class='ocr_line' id='line_1_13' title="bbox 50 1406 1290 1501; baseline 0 -23"><span class='ocrx_word' id='word_1_122' title='bbox 50 1412 195 1501; x_wconf 80' lang='lat' dir='ltr'>Agerius</span> <span class='ocrx_word' id='word_1_123' title='bbox 223 1407 307 1494; x_wconf 92' lang='lat' dir='ltr'>apud</span> <span class='ocrx_word' id='word_1_124' title='bbox 329 1406 523 1472; x_wconf 88' lang='lat' dir='ltr'>Numerium</span> <span class='ocrx_word' id='word_1_125' title='bbox 547 1406 724 1496; x_wconf 84' lang='lat' dir='ltr'>Negidium</span> <span class='ocrx_word' id='word_1_126' title='bbox 749 1429 893 1473; x_wconf 91' lang='lat' dir='ltr'>mensam</span> <span class='ocrx_word' id='word_1_127' title='bbox 914 1411 919 1494; x_wconf 74' lang='lat' dir='ltr'>l</span> <span class='ocrx_word' id='word_1_128' title='bbox 940 1414 1124 1495; x_wconf 79' lang='lat' dir='ltr'>argenteam</span> <span class='ocrx_word' id='word_1_129' title='bbox 1148 1411 1240 1497; x_wconf 90' lang='lat' dir='ltr'>depo·</span> <span class='ocrx_word' id='word_1_130' title='bbox 1265 1436 1290 1478; x_wconf 83' lang='grc'>11</span> 
     </span>
     <span class='ocr_line' id='line_1_14' title="bbox 51 1505 1348 1603; baseline 0 -18"><span class='ocrx_word' id='word_1_131' title='bbox 51 1524 138 1603; x_wconf 89' lang='lat' dir='ltr'>suit,</span> <span class='ocrx_word' id='word_1_132' title='bbox 175 1537 238 1602; x_wconf 90' lang='lat' dir='ltr'>qua</span> <span class='ocrx_word' id='word_1_133' title='bbox 271 1515 310 1580; x_wconf 90' lang='lat' dir='ltr'>de</span> <span class='ocrx_word' id='word_1_134' title='bbox 332 1535 366 1578; x_wconf 90' lang='grc'>11</span> <span class='ocrx_word' id='word_1_135' title='bbox 396 1516 505 1601; x_wconf 84' lang='lat' dir='ltr'>agitur</span> <span class='ocrx_word' id='word_1_136' title='bbox 518 1514 554 1601; x_wconf 78' lang='lat'>²),</span> <span class='ocrx_word' id='word_1_137' title='bbox 590 1514 745 1599; x_wconf 91' lang='lat' dir='ltr'>quidquid</span> <span class='ocrx_word' id='word_1_138' title='bbox 775 1515 813 1579; x_wconf 88' lang='lat' dir='ltr'>ob</span> <span class='ocrx_word' id='word_1_139' title='bbox 845 1513 927 1588; x_wconf 87' lang='grc'><strong>11111</strong></span> <span class='ocrx_word' id='word_1_140' title='bbox 956 1535 1025 1580; x_wconf 89' lang='lat' dir='ltr'>rem</span> <span class='ocrx_word' id='word_1_141' title='bbox 1049 1505 1241 1582; x_wconf 77' lang='lat' dir='ltr'>Numerium</span> <span class='ocrx_word' id='word_1_142' title='bbox 1266 1542 1290 1586; x_wconf 80' lang='grc'>11</span> <span class='ocrx_word' id='word_1_143' title='bbox 1345 1541 1348 1545; x_wconf 78' lang='lat'>·</span> 
     </span>
     <span class='ocr_line' id='line_1_15' title="bbox 52 1615 1244 1714; baseline -0.003 -23"><span class='ocrx_word' id='word_1_144' title='bbox 52 1625 235 1714; x_wconf 82' lang='lat' dir='ltr'>Negidium</span> <span class='ocrx_word' id='word_1_145' title='bbox 258 1621 342 1688; x_wconf 86' lang='lat' dir='ltr'>Aulo</span> <span class='ocrx_word' id='word_1_146' title='bbox 365 1621 483 1706; x_wconf 71' lang='lat' dir='ltr'>Agerio</span> <span class='ocrx_word' id='word_1_147' title='bbox 508 1620 581 1686; x_wconf 90' lang='lat' dir='ltr'>dare</span> <span class='ocrx_word' id='word_1_148' title='bbox 604 1621 706 1686; x_wconf 87' lang='lat' dir='ltr'>facere</span> <span class='ocrx_word' id='word_1_149' title='bbox 730 1626 870 1705; x_wconf 85' lang='lat' dir='ltr'>oportet,</span> <span class='ocrx_word' id='word_1_150' title='bbox 897 1615 935 1685; x_wconf 85' lang='lat' dir='ltr'>ex</span> <span class='ocrx_word' id='word_1_151' title='bbox 960 1619 1020 1686; x_wconf 87' lang='lat' dir='ltr'>fide</span> <span class='ocrx_word' id='word_1_152' title='bbox 1043 1622 1138 1700; x_wconf 88' lang='lat' dir='ltr'>bona,</span> <span class='ocrx_word' id='word_1_153' title='bbox 1165 1626 1244 1709; x_wconf 87' lang='lat' dir='ltr'>eius,</span> 
     </span>
     <span class='ocr_line' id='line_1_16' title="bbox 53 1726 1291 1814; baseline -0.001 -17"><span class='ocrx_word' id='word_1_154' title='bbox 53 1731 144 1797; x_wconf 86' lang='lat' dir='ltr'>idem</span> <span class='ocrx_word' id='word_1_155' title='bbox 169 1726 317 1814; x_wconf 70' lang='lat' dir='ltr'>iudm’),</span> <span class='ocrx_word' id='word_1_156' title='bbox 342 1726 535 1791; x_wconf 89' lang='lat' dir='ltr'>Numerium</span> <span class='ocrx_word' id='word_1_157' title='bbox 558 1726 735 1814; x_wconf 83' lang='lat' dir='ltr'>Negidium</span> <span class='ocrx_word' id='word_1_158' title='bbox 756 1727 762 1813; x_wconf 89' lang='grc' dir='ltr'>Ι</span> <span class='ocrx_word' id='word_1_159' title='bbox 782 1726 866 1793; x_wconf 87' lang='lat' dir='ltr'>Aulo</span> <span class='ocrx_word' id='word_1_160' title='bbox 885 1728 1003 1814; x_wconf 79' lang='lat' dir='ltr'>Agerio</span> <span class='ocrx_word' id='word_1_161' title='bbox 1023 1727 1239 1807; x_wconf 89' lang='lat' dir='ltr'>condemnato,</span> <span class='ocrx_word' id='word_1_162' title='bbox 1266 1751 1291 1796; x_wconf 90' lang='grc'>11</span> 
     </span>
     <span class='ocr_line' id='line_1_17' title="bbox 52 1833 1310 1920; baseline 0 -18"><span class='ocrx_word' id='word_1_163' title='bbox 52 1839 116 1902; x_wconf 90' lang='grc'><strong>1111</strong></span> <span class='ocrx_word' id='word_1_164' title='bbox 138 1837 288 1901; x_wconf 89' lang='lat' dir='ltr'>restituat</span> <span class='ocrx_word' id='word_1_165' title='bbox 301 1833 338 1920; x_wconf 81' lang='lat'>⁴),</span> <span class='ocrx_word' id='word_1_166' title='bbox 359 1835 387 1897; x_wconf 91' lang='lat' dir='ltr'>si</span> <span class='ocrx_word' id='word_1_167' title='bbox 406 1853 468 1898; x_wconf 93' lang='lat' dir='ltr'>non</span> <span class='ocrx_word' id='word_1_168' title='bbox 486 1837 593 1918; x_wconf 87' lang='lat' dir='ltr'>paret,</span> <span class='ocrx_word' id='word_1_169' title='bbox 620 1833 804 1910; x_wconf 84' lang='lat' dir='ltr'>absolvito&#39;&#39;,</span> <span class='ocrx_word' id='word_1_170' title='bbox 829 1836 863 1897; x_wconf 91' lang='lat' dir='ltr'>in</span> <span class='ocrx_word' id='word_1_171' title='bbox 886 1835 938 1898; x_wconf 87' lang='lat' dir='ltr'>ius</span> <span class='ocrx_word' id='word_1_172' title='bbox 957 1839 1108 1920; x_wconf 86' lang='lat' dir='ltr'>concepta</span> <span class='ocrx_word' id='word_1_173' title='bbox 1127 1841 1189 1914; x_wconf 89' lang='lat' dir='ltr'>est;</span> <span class='ocrx_word' id='word_1_174' title='bbox 1212 1842 1245 1902; x_wconf 87' lang='lat' dir='ltr'>at</span> <span class='ocrx_word' id='word_1_175' title='bbox 1309 1911 1310 1914; x_wconf 8' lang='grc' dir='ltr'><strong>Ἴ</strong></span> 
     </span>
     <span class='ocr_line' id='line_1_18' title="bbox 54 1939 1289 2036; baseline 0.001 -27"><span class='ocrx_word' id='word_1_176' title='bbox 54 1944 113 2010; x_wconf 89' lang='grc'><strong>1111</strong></span> <span class='ocrx_word' id='word_1_177' title='bbox 126 1949 135 2036; x_wconf 83' lang='grc' dir='ltr'>Ι</span> <span class='ocrx_word' id='word_1_178' title='bbox 150 1941 302 2026; x_wconf 88' lang='lat' dir='ltr'>formula,</span> <span class='ocrx_word' id='word_1_179' title='bbox 316 1959 396 2025; x_wconf 90' lang='lat' dir='ltr'>quae</span> <span class='ocrx_word' id='word_1_180' title='bbox 407 1940 454 2004; x_wconf 90' lang='lat' dir='ltr'>ita</span> <span class='ocrx_word' id='word_1_181' title='bbox 466 1944 615 2025; x_wconf 89' lang='lat' dir='ltr'>concepta</span> <span class='ocrx_word' id='word_1_182' title='bbox 627 1944 688 2005; x_wconf 91' lang='lat' dir='ltr'>est:</span> <span class='ocrx_word' id='word_1_183' title='bbox 706 1988 723 2017; x_wconf 92' lang='lat'><em>„</em></span> <span class='ocrx_word' id='word_1_184' title='bbox 729 1939 867 2006; x_wconf 85' lang='lat' dir='ltr'>-iudex</span> <span class='ocrx_word' id='word_1_185' title='bbox 881 1946 963 2005; x_wconf 87' lang='lat' dir='ltr'>cato:</span> <span class='ocrx_word' id='word_1_186' title='bbox 978 1944 1004 2006; x_wconf 88' lang='lat' dir='ltr'>si</span> <span class='ocrx_word' id='word_1_187' title='bbox 1016 1946 1106 2026; x_wconf 86' lang='lat' dir='ltr'>paret</span> <span class='ocrx_word' id='word_1_188' title='bbox 1118 1943 1241 2008; x_wconf 86' lang='lat' dir='ltr'>Aulum</span> <span class='ocrx_word' id='word_1_189' title='bbox 1265 1967 1289 2010; x_wconf 85' lang='lat' dir='ltr'>n</span> 
     </span>
     <span class='ocr_line' id='line_1_19' title="bbox 53 2043 1292 2138; baseline 0 -22"><span class='ocrx_word' id='word_1_190' title='bbox 53 2051 212 2138; x_wconf 79' lang='lat' dir='ltr'>Agerium</span> <span class='ocrx_word' id='word_1_191' title='bbox 248 2045 344 2135; x_wconf 72' lang='lat' dir='ltr'>alpud</span> <span class='ocrx_word' id='word_1_192' title='bbox 374 2043 417 2109; x_wconf 92' lang='lat' dir='ltr'>N.</span> <span class='ocrx_word' id='word_1_193' title='bbox 448 2045 623 2132; x_wconf 82' lang='lat' dir='ltr'>Negidium</span> <span class='ocrx_word' id='word_1_194' title='bbox 655 2066 799 2112; x_wconf 89' lang='lat' dir='ltr'>mensam</span> <span class='ocrx_word' id='word_1_195' title='bbox 829 2052 1013 2133; x_wconf 83' lang='lat' dir='ltr'>argenteam</span> <span class='ocrx_word' id='word_1_196' title='bbox 1043 2048 1241 2134; x_wconf 75' lang='lat' dir='ltr'>deposuisse,</span> <span class='ocrx_word' id='word_1_197' title='bbox 1266 2073 1292 2116; x_wconf 86' lang='grc'>11</span> 
     </span>
     <span class='ocr_line' id='line_1_20' title="bbox 56 2146 1290 2242; baseline -0.001 -19"><span class='ocrx_word' id='word_1_198' title='bbox 56 2177 192 2242; x_wconf 90' lang='lat' dir='ltr'>eamque</span> <span class='ocrx_word' id='word_1_199' title='bbox 224 2146 306 2234; x_wconf 81' lang='lat' dir='ltr'>dello</span> <span class='ocrx_word' id='word_1_200' title='bbox 335 2152 421 2217; x_wconf 89' lang='lat' dir='ltr'>malo</span> <span class='ocrx_word' id='word_1_201' title='bbox 443 2151 485 2216; x_wconf 92' lang='lat' dir='ltr'>N.</span> <span class='ocrx_word' id='word_1_202' title='bbox 510 2152 642 2239; x_wconf 80' lang='lat' dir='ltr'>Negidii</span> <span class='ocrx_word' id='word_1_203' title='bbox 665 2154 703 2218; x_wconf 91' lang='lat' dir='ltr'>A.</span> <span class='ocrx_word' id='word_1_204' title='bbox 729 2153 848 2240; x_wconf 81' lang='lat' dir='ltr'>Agerio</span> <span class='ocrx_word' id='word_1_205' title='bbox 872 2153 1053 2240; x_wconf 66' lang='lat' dir='ltr'>redduntur]</span> <span class='ocrx_word' id='word_1_206' title='bbox 1078 2174 1290 2240; x_wconf 68' lang='lat' dir='ltr'>nonensem</span> 
     </span>
     <span class='ocr_line' id='line_1_21' title="bbox 54 2258 1291 2352; baseline 0 -23"><span class='ocrx_word' id='word_1_207' title='bbox 54 2265 168 2352; x_wconf 89' lang='lat' dir='ltr'>quanti</span> <span class='ocrx_word' id='word_1_208' title='bbox 187 2280 290 2327; x_wconf 88' lang='grc'><strong>11111</strong></span> <span class='ocrx_word' id='word_1_209' title='bbox 311 2261 388 2337; x_wconf 88' lang='lat' dir='ltr'>erit,</span> <span class='ocrx_word' id='word_1_210' title='bbox 412 2263 501 2324; x_wconf 90' lang='lat' dir='ltr'>tanta</span> <span class='ocrx_word' id='word_1_211' title='bbox 521 2259 527 2344; x_wconf 77' lang='lat'><em>1</em></span> <span class='ocrx_word' id='word_1_212' title='bbox 546 2261 679 2343; x_wconf 89' lang='lat' dir='ltr'>pecnnia</span> <span class='ocrx_word' id='word_1_213' title='bbox 700 2258 797 2324; x_wconf 85' lang='lat' dir='ltr'>iudex</span> <span class='ocrx_word' id='word_1_214' title='bbox 817 2259 1009 2324; x_wconf 88' lang='lat' dir='ltr'>Numerium</span> <span class='ocrx_word' id='word_1_215' title='bbox 1025 2259 1109 2324; x_wconf 84' lang='lat' dir='ltr'>Aulo</span> <span class='ocrx_word' id='word_1_216' title='bbox 1121 2259 1242 2347; x_wconf 79' lang='lat' dir='ltr'>Agerio</span> <span class='ocrx_word' id='word_1_217' title='bbox 1265 2285 1291 2329; x_wconf 91' lang='grc'>11</span> 
     </span>
     <span class='ocr_line' id='line_1_22' title="bbox 53 2364 1290 2454; baseline -0.002 -16"><span class='ocrx_word' id='word_1_218' title='bbox 53 2371 279 2444; x_wconf 88' lang='lat' dir='ltr'>condemnato,</span> <span class='ocrx_word' id='word_1_219' title='bbox 310 2368 422 2433; x_wconf 91' lang='lat' dir='ltr'>sinon</span> <span class='ocrx_word' id='word_1_220' title='bbox 445 2370 548 2454; x_wconf 85' lang='lat' dir='ltr'>paret,</span> <span class='ocrx_word' id='word_1_221' title='bbox 574 2365 760 2449; x_wconf 83' lang='lat' dir='ltr'>absolvito’&#39;‚</span> <span class='ocrx_word' id='word_1_222' title='bbox 784 2368 818 2428; x_wconf 91' lang='lat' dir='ltr'>in</span> <span class='ocrx_word' id='word_1_223' title='bbox 842 2364 963 2430; x_wconf 87' lang='lat' dir='ltr'>factum</span> <span class='ocrx_word' id='word_1_224' title='bbox 984 2367 989 2451; x_wconf 75' lang='grc'>1</span> <span class='ocrx_word' id='word_1_225' title='bbox 1010 2370 1161 2451; x_wconf 89' lang='lat' dir='ltr'>concepta</span> <span class='ocrx_word' id='word_1_226' title='bbox 1183 2372 1241 2432; x_wconf 89' lang='lat' dir='ltr'>est.</span> <span class='ocrx_word' id='word_1_227' title='bbox 1265 2391 1290 2435; x_wconf 85' lang='grc'>11</span> 
     </span>
     <span class='ocr_line' id='line_1_23' title="bbox 53 2469 1292 2560; baseline -0.012 -16"><span class='ocrx_word' id='word_1_228' title='bbox 53 2477 184 2544; x_wconf 78' lang='lat' dir='ltr'>Similes</span> <span class='ocrx_word' id='word_1_229' title='bbox 208 2477 306 2540; x_wconf 87' lang='lat' dir='ltr'>etiam</span> <span class='ocrx_word' id='word_1_230' title='bbox 331 2472 525 2560; x_wconf 88' lang='lat' dir='ltr'>commodati</span> <span class='ocrx_word' id='word_1_231' title='bbox 548 2469 704 2537; x_wconf 88' lang='lat' dir='ltr'>formulae</span> <span class='ocrx_word' id='word_1_232' title='bbox 725 2470 730 2557; x_wconf 80' lang='lat' dir='ltr'>l</span> <span class='ocrx_word' id='word_1_233' title='bbox 751 2477 834 2536; x_wconf 90' lang='lat' dir='ltr'>sunt.</span> <span class='ocrx_word' id='word_1_234' title='bbox 1265 2496 1292 2540; x_wconf 66' lang='lat'>22</span> 
     </span>
     <span class='ocr_line' id='line_1_24' title="bbox 11 2577 1291 2673; baseline -0.002 -23"><span class='ocrx_word' id='word_1_235' title='bbox 11 2584 42 2673; x_wconf 85' lang='grc'>8)</span> <span class='ocrx_word' id='word_1_236' title='bbox 102 2583 259 2649; x_wconf 88' lang='lat' dir='ltr'>Omnium</span> <span class='ocrx_word' id='word_1_237' title='bbox 289 2584 398 2646; x_wconf 89' lang='lat' dir='ltr'>autem</span> <span class='ocrx_word' id='word_1_238' title='bbox 420 2577 645 2656; x_wconf 87' lang='lat' dir='ltr'>formularum,</span> <span class='ocrx_word' id='word_1_239' title='bbox 672 2598 752 2662; x_wconf 88' lang='lat' dir='ltr'>quae</span> <span class='ocrx_word' id='word_1_240' title='bbox 776 2577 1081 2660; x_wconf 78' lang='lat' dir='ltr'>condemnaltionem</span> <span class='ocrx_word' id='word_1_241' title='bbox 1105 2577 1241 2665; x_wconf 88' lang='lat' dir='ltr'>habent,</span> <span class='ocrx_word' id='word_1_242' title='bbox 1265 2603 1291 2647; x_wconf 88' lang='grc'>11</span> 
     </span>
     <span class='ocr_line' id='line_1_25' title="bbox 55 2682 1292 2778; baseline -0.006 -19"><span class='ocrx_word' id='word_1_243' title='bbox 55 2693 96 2759; x_wconf 88' lang='lat' dir='ltr'>ad</span> <span class='ocrx_word' id='word_1_244' title='bbox 114 2689 334 2778; x_wconf 77' lang='lat' dir='ltr'>pecuniariam</span> <span class='ocrx_word' id='word_1_245' title='bbox 355 2687 610 2752; x_wconf 88' lang='lat' dir='ltr'>aestimationem</span> <span class='ocrx_word' id='word_1_246' title='bbox 628 2684 859 2765; x_wconf 76' lang='lat' dir='ltr'>conldemnatio</span> <span class='ocrx_word' id='word_1_247' title='bbox 879 2707 958 2748; x_wconf 79' lang='lat' dir='ltr'>neoc</span> <span class='ocrx_word' id='word_1_248' title='bbox 970 2682 996 2770; x_wconf 85' lang='lat'>⁵)</span> <span class='ocrx_word' id='word_1_249' title='bbox 1015 2690 1164 2772; x_wconf 88' lang='lat' dir='ltr'>concepta</span> <span class='ocrx_word' id='word_1_250' title='bbox 1176 2691 1240 2766; x_wconf 86' lang='lat' dir='ltr'>cst;</span> <span class='ocrx_word' id='word_1_251' title='bbox 1265 2709 1292 2753; x_wconf 83' lang='grc'>11</span> 
     </span>
    </p>
   </div>
   <div class='ocr_carea' id='block_1_3' title="bbox 61 2805 243 2817">
    <p class='ocr_par' dir='ltr' id='par_1_3' title="bbox 61 2805 243 2817">
     <span class='ocr_line' id='line_1_26' title="bbox 61 2805 243 2817; baseline -0.011 0"><span class='ocrx_word' id='word_1_252' title='bbox 61 2805 243 2817; x_wconf 70' lang='lat' dir='ltr'><strong>—u—————</strong></span> 
     </span>
    </p>
   </div>
   <div class='ocr_carea' id='block_1_4' title="bbox 58 2851 1349 4102">
    <p class='ocr_par' dir='ltr' id='par_1_4' title="bbox 58 2851 1243 3017">
     <span class='ocr_line' id='line_1_27' title="bbox 97 2851 1243 2926; baseline -0.003 -16"><span class='ocrx_word' id='word_1_253' title='bbox 97 2859 128 2926; x_wconf 85' lang='grc'>1)</span> <span class='ocrx_word' id='word_1_254' title='bbox 148 2856 200 2911; x_wconf 88' lang='lat' dir='ltr'>Pro</span> <span class='ocrx_word' id='word_1_255' title='bbox 227 2852 390 2926; x_wconf 86' lang='lat' dir='ltr'>pronomine</span> <span class='ocrx_word' id='word_1_256' title='bbox 416 2852 461 2908; x_wconf 84' lang='lat' dir='ltr'>ille</span> <span class='ocrx_word' id='word_1_257' title='bbox 485 2853 561 2924; x_wconf 91' lang='lat' dir='ltr'>quod</span> <span class='ocrx_word' id='word_1_258' title='bbox 586 2852 639 2907; x_wconf 89' lang='lat' dir='ltr'>hac</span> <span class='ocrx_word' id='word_1_259' title='bbox 664 2853 695 2906; x_wconf 93' lang='lat' dir='ltr'>in</span> <span class='ocrx_word' id='word_1_260' title='bbox 711 2855 830 2922; x_wconf 85' lang='lat' dir='ltr'>formula</span> <span class='ocrx_word' id='word_1_261' title='bbox 850 2851 888 2915; x_wconf 86' lang='lat' dir='ltr'>(in</span> <span class='ocrx_word' id='word_1_262' title='bbox 908 2851 1011 2924; x_wconf 87' lang='lat' dir='ltr'>edicto)</span> <span class='ocrx_word' id='word_1_263' title='bbox 1029 2852 1176 2924; x_wconf 82' lang='lat' dir='ltr'>legebatur</span> <span class='ocrx_word' id='word_1_264' title='bbox 1194 2871 1243 2925; x_wconf 88' lang='lat' dir='ltr'>po-</span> 
     </span>
     <span class='ocr_line' id='line_1_28' title="bbox 58 2941 984 3017; baseline -0.008 -15"><span class='ocrx_word' id='word_1_265' title='bbox 58 2948 200 3003; x_wconf 83' lang='lat' dir='ltr'>nebantur</span> <span class='ocrx_word' id='word_1_266' title='bbox 217 2946 247 3000; x_wconf 89' lang='lat' dir='ltr'>in</span> <span class='ocrx_word' id='word_1_267' title='bbox 265 2945 332 3017; x_wconf 88' lang='lat' dir='ltr'>ipsis</span> <span class='ocrx_word' id='word_1_268' title='bbox 352 2945 495 2999; x_wconf 68' lang='lat' dir='ltr'>aaronitas</span> <span class='ocrx_word' id='word_1_269' title='bbox 514 2942 627 2999; x_wconf 89' lang='lat' dir='ltr'>nomina</span> <span class='ocrx_word' id='word_1_270' title='bbox 646 2943 782 3014; x_wconf 81' lang='lat' dir='ltr'>praetoris</span> <span class='ocrx_word' id='word_1_271' title='bbox 801 2941 917 3008; x_wconf 88' lang='lat' dir='ltr'>actoris,</span> <span class='ocrx_word' id='word_1_272' title='bbox 937 2942 984 2996; x_wconf 87' lang='lat' dir='ltr'>rei.</span> 
     </span>
    </p>

    <p class='ocr_par' dir='ltr' id='par_1_5' title="bbox 59 3031 1349 3468">
     <span class='ocr_line' id='line_1_29' title="bbox 96 3031 1349 3108; baseline -0.005 -14"><span class='ocrx_word' id='word_1_273' title='bbox 96 3039 126 3102; x_wconf 81' lang='lat'>2)</span> <span class='ocrx_word' id='word_1_274' title='bbox 146 3037 212 3093; x_wconf 87' lang='lat' dir='ltr'>Noli</span> <span class='ocrx_word' id='word_1_275' title='bbox 241 3039 340 3108; x_wconf 88' lang='lat' dir='ltr'>putare</span> <span class='ocrx_word' id='word_1_276' title='bbox 369 3052 403 3090; x_wconf 90' lang='lat' dir='ltr'>ea</span> <span class='ocrx_word' id='word_1_277' title='bbox 429 3035 515 3094; x_wconf 83' lang='lat' dir='ltr'>verba</span> <span class='ocrx_word' id='word_1_278' title='bbox 545 3051 618 3104; x_wconf 76' lang='lat' dir='ltr'>»qua</span> <span class='ocrx_word' id='word_1_279' title='bbox 644 3034 678 3090; x_wconf 89' lang='lat' dir='ltr'>do</span> <span class='ocrx_word' id='word_1_280' title='bbox 699 3051 728 3089; x_wconf 89' lang='grc'>11</span> <span class='ocrx_word' id='word_1_281' title='bbox 748 3035 861 3106; x_wconf 85' lang='lat' dir='ltr'>agitur&#39;&#39;</span> <span class='ocrx_word' id='word_1_282' title='bbox 882 3036 944 3100; x_wconf 88' lang='lat' dir='ltr'>(aut</span> <span class='ocrx_word' id='word_1_283' title='bbox 964 3033 1075 3094; x_wconf 88' lang='lat' dir='ltr'>similia)</span> <span class='ocrx_word' id='word_1_284' title='bbox 1093 3031 1123 3086; x_wconf 90' lang='grc'>11</span> <span class='ocrx_word' id='word_1_285' title='bbox 1143 3035 1243 3089; x_wconf 71' lang='lat' dir='ltr'>cadone</span> <span class='ocrx_word' id='word_1_286' title='bbox 1347 3097 1349 3100; x_wconf 36' lang='lat'>,</span> 
     </span>
     <span class='ocr_line' id='line_1_30' title="bbox 59 3123 1242 3196; baseline -0.003 -14"><span class='ocrx_word' id='word_1_287' title='bbox 59 3129 160 3196; x_wconf 88' lang='lat' dir='ltr'>fuisse;</span> <span class='ocrx_word' id='word_1_288' title='bbox 189 3127 233 3182; x_wconf 92' lang='lat' dir='ltr'>his</span> <span class='ocrx_word' id='word_1_289' title='bbox 259 3127 334 3182; x_wconf 88' lang='lat' dir='ltr'>enim</span> <span class='ocrx_word' id='word_1_290' title='bbox 358 3125 449 3182; x_wconf 84' lang='lat' dir='ltr'>verbis</span> <span class='ocrx_word' id='word_1_291' title='bbox 474 3126 587 3196; x_wconf 88' lang='lat' dir='ltr'>praetor</span> <span class='ocrx_word' id='word_1_292' title='bbox 614 3125 703 3180; x_wconf 84' lang='lat' dir='ltr'>totius</span> <span class='ocrx_word' id='word_1_293' title='bbox 727 3124 769 3181; x_wconf 90' lang='grc'>111</span> <span class='ocrx_word' id='word_1_294' title='bbox 788 3127 946 3180; x_wconf 67' lang='lat' dir='ltr'>ascai-atam</span> <span class='ocrx_word' id='word_1_295' title='bbox 965 3124 1104 3196; x_wconf 80' lang='lat' dir='ltr'>significat</span> <span class='ocrx_word' id='word_1_296' title='bbox 1122 3123 1242 3194; x_wconf 89' lang='lat' dir='ltr'>descrip-</span> 
     </span>
     <span class='ocr_line' id='line_1_31' title="bbox 60 3214 1241 3288; baseline -0.003 -14"><span class='ocrx_word' id='word_1_297' title='bbox 60 3220 176 3276; x_wconf 89' lang='lat' dir='ltr'>tionem.</span> <span class='ocrx_word' id='word_1_298' title='bbox 206 3250 240 3260; x_wconf 91' lang='lat'>-</span> <span class='ocrx_word' id='word_1_299' title='bbox 268 3219 302 3272; x_wconf 90' lang='lat' dir='ltr'>In</span> <span class='ocrx_word' id='word_1_300' title='bbox 331 3217 426 3288; x_wconf 85' lang='lat' dir='ltr'>codice</span> <span class='ocrx_word' id='word_1_301' title='bbox 454 3233 504 3288; x_wconf 90' lang='lat' dir='ltr'>pro</span> <span class='ocrx_word' id='word_1_302' title='bbox 533 3218 650 3286; x_wconf 82' lang='lat' dir='ltr'>deposuit</span> <span class='ocrx_word' id='word_1_303' title='bbox 678 3216 782 3288; x_wconf 85' lang='lat' dir='ltr'>legitur</span> <span class='ocrx_word' id='word_1_304' title='bbox 807 3219 964 3288; x_wconf 77' lang='lat' dir='ltr'>deposuisset</span> <span class='ocrx_word' id='word_1_305' title='bbox 990 3215 1038 3270; x_wconf 85' lang='lat' dir='ltr'>sed</span> <span class='ocrx_word' id='word_1_306' title='bbox 1058 3233 1119 3270; x_wconf 91' lang='lat' dir='ltr'>cum</span> <span class='ocrx_word' id='word_1_307' title='bbox 1141 3214 1241 3270; x_wconf 88' lang='lat' dir='ltr'>mondo</span> 
     </span>
     <span class='ocr_line' id='line_1_32' title="bbox 60 3305 1241 3377; baseline -0.003 -15"><span class='ocrx_word' id='word_1_308' title='bbox 60 3308 147 3363; x_wconf 89' lang='lat' dir='ltr'>ctiam</span> <span class='ocrx_word' id='word_1_309' title='bbox 176 3305 374 3363; x_wconf 87' lang='lat' dir='ltr'>correctionem</span> <span class='ocrx_word' id='word_1_310' title='bbox 404 3323 437 3361; x_wconf 85' lang='lat' dir='ltr'>ex</span> <span class='ocrx_word' id='word_1_311' title='bbox 460 3305 612 3376; x_wconf 81' lang='lat' dir='ltr'>archetypo</span> <span class='ocrx_word' id='word_1_312' title='bbox 640 3306 730 3361; x_wconf 87' lang='lat' dir='ltr'>scriba</span> <span class='ocrx_word' id='word_1_313' title='bbox 756 3306 822 3362; x_wconf 79' lang='lat' dir='ltr'>Ood.</span> <span class='ocrx_word' id='word_1_314' title='bbox 848 3324 904 3362; x_wconf 90' lang='lat' dir='ltr'>ver.</span> <span class='ocrx_word' id='word_1_315' title='bbox 924 3306 1086 3373; x_wconf 81' lang='lat' dir='ltr'>transtulit,</span> <span class='ocrx_word' id='word_1_316' title='bbox 1107 3323 1157 3377; x_wconf 88' lang='lat' dir='ltr'>pro</span> <span class='ocrx_word' id='word_1_317' title='bbox 1177 3305 1241 3376; x_wconf 70' lang='lat' dir='ltr'>cpit*</span> 
     </span>
     <span class='ocr_line' id='line_1_33' title="bbox 60 3398 300 3468; baseline 0 -16"><span class='ocrx_word' id='word_1_318' title='bbox 60 3398 196 3454; x_wconf 86' lang='lat' dir='ltr'>scribens:</span> <span class='ocrx_word' id='word_1_319' title='bbox 215 3400 300 3468; x_wconf 78' lang='lat' dir='ltr'>itsqit.</span> 
     </span>
    </p>

    <p class='ocr_par' dir='ltr' id='par_1_6' title="bbox 61 3485 1242 3920">
     <span class='ocr_line' id='line_1_34' title="bbox 99 3485 1241 3558; baseline -0.004 -14"><span class='ocrx_word' id='word_1_320' title='bbox 99 3491 129 3556; x_wconf 85' lang='grc'>3)</span> <span class='ocrx_word' id='word_1_321' title='bbox 149 3489 193 3544; x_wconf 81' lang='lat' dir='ltr'>Sic</span> <span class='ocrx_word' id='word_1_322' title='bbox 210 3487 362 3544; x_wconf 88' lang='lat' dir='ltr'>rectissime</span> <span class='ocrx_word' id='word_1_323' title='bbox 382 3486 486 3558; x_wconf 80' lang='lat' dir='ltr'>legitur</span> <span class='ocrx_word' id='word_1_324' title='bbox 503 3486 533 3540; x_wconf 90' lang='lat' dir='ltr'>in</span> <span class='ocrx_word' id='word_1_325' title='bbox 553 3485 661 3554; x_wconf 87' lang='lat' dir='ltr'>codice,</span> <span class='ocrx_word' id='word_1_326' title='bbox 681 3503 770 3558; x_wconf 90' lang='lat' dir='ltr'>neque</span> <span class='ocrx_word' id='word_1_327' title='bbox 789 3490 826 3542; x_wconf 82' lang='lat' dir='ltr'>id.</span> <span class='ocrx_word' id='word_1_328' title='bbox 845 3490 898 3542; x_wconf 80' lang='lat' dir='ltr'>tud.</span> <span class='ocrx_word' id='word_1_329' title='bbox 918 3503 968 3558; x_wconf 91' lang='lat' dir='ltr'>pro</span> <span class='ocrx_word' id='word_1_330' title='bbox 987 3489 1042 3542; x_wconf 84' lang='lat' dir='ltr'>iod.</span> <span class='ocrx_word' id='word_1_331' title='bbox 1061 3485 1132 3541; x_wconf 81' lang='lat' dir='ltr'>falso</span> <span class='ocrx_word' id='word_1_332' title='bbox 1147 3501 1241 3539; x_wconf 84' lang='lat' dir='ltr'>exars-</span> 
     </span>
     <span class='ocr_line' id='line_1_35' title="bbox 61 3575 1242 3648; baseline -0.005 -13"><span class='ocrx_word' id='word_1_333' title='bbox 61 3583 123 3636; x_wconf 90' lang='lat' dir='ltr'>tum</span> <span class='ocrx_word' id='word_1_334' title='bbox 149 3596 207 3635; x_wconf 89' lang='lat' dir='ltr'>esse</span> <span class='ocrx_word' id='word_1_335' title='bbox 232 3577 423 3640; x_wconf 84' lang='lat' dir='ltr'>Studemnndo</span> <span class='ocrx_word' id='word_1_336' title='bbox 442 3576 585 3632; x_wconf 86' lang='lat' dir='ltr'>assentior.</span> <span class='ocrx_word' id='word_1_337' title='bbox 623 3577 656 3630; x_wconf 89' lang='lat' dir='ltr'>ln</span> <span class='ocrx_word' id='word_1_338' title='bbox 676 3581 775 3646; x_wconf 74' lang='grc'><strong>1111111</strong></span> <span class='ocrx_word' id='word_1_339' title='bbox 794 3577 939 3648; x_wconf 84' lang='lat' dir='ltr'>legebatur</span> <span class='ocrx_word' id='word_1_340' title='bbox 957 3579 987 3630; x_wconf 90' lang='lat' dir='ltr'>in</span> <span class='ocrx_word' id='word_1_341' title='bbox 1006 3575 1101 3640; x_wconf 87' lang='lat' dir='ltr'>initio,</span> <span class='ocrx_word' id='word_1_342' title='bbox 1122 3575 1242 3645; x_wconf 89' lang='lat' dir='ltr'>exempli</span> 
     </span>
     <span class='ocr_line' id='line_1_36' title="bbox 62 3665 1241 3742; baseline -0.006 -15"><span class='ocrx_word' id='word_1_343' title='bbox 62 3671 168 3742; x_wconf 87' lang='lat' dir='ltr'>gratia,</span> <span class='ocrx_word' id='word_1_344' title='bbox 193 3670 221 3724; x_wconf 81' lang='lat'>0.</span> <span class='ocrx_word' id='word_1_345' title='bbox 250 3669 344 3723; x_wconf 79' lang='lat' dir='ltr'>Gallos</span> <span class='ocrx_word' id='word_1_346' title='bbox 364 3671 440 3722; x_wconf 81' lang='lat' dir='ltr'>iudea</span> <span class='ocrx_word' id='word_1_347' title='bbox 458 3678 518 3721; x_wconf 80' lang='lat' dir='ltr'>esto.</span> <span class='ocrx_word' id='word_1_348' title='bbox 558 3668 750 3737; x_wconf 79' lang='lat' dir='ltr'>Repetehatur</span> <span class='ocrx_word' id='word_1_349' title='bbox 770 3667 869 3722; x_wconf 89' lang='lat' dir='ltr'>deinde</span> <span class='ocrx_word' id='word_1_350' title='bbox 885 3668 1027 3723; x_wconf 91' lang='lat' dir='ltr'>hocloco:</span> <span class='ocrx_word' id='word_1_351' title='bbox 1048 3669 1115 3731; x_wconf 83' lang='lat' dir='ltr'>eius,</span> <span class='ocrx_word' id='word_1_352' title='bbox 1131 3665 1159 3718; x_wconf 81' lang='lat' dir='ltr'>O.</span> <span class='ocrx_word' id='word_1_353' title='bbox 1175 3667 1241 3720; x_wconf 81' lang='lat' dir='ltr'>Gal-</span> 
     </span>
     <span class='ocr_line' id='line_1_37' title="bbox 63 3755 1242 3828; baseline -0.003 -12"><span class='ocrx_word' id='word_1_354' title='bbox 63 3765 102 3816; x_wconf 85' lang='lat' dir='ltr'>lus</span> <span class='ocrx_word' id='word_1_355' title='bbox 128 3764 204 3816; x_wconf 79' lang='lat' dir='ltr'>iudex</span> <span class='ocrx_word' id='word_1_356' title='bbox 227 3763 279 3815; x_wconf 90' lang='lat' dir='ltr'>etc.</span> <span class='ocrx_word' id='word_1_357' title='bbox 308 3791 340 3800; x_wconf 84' lang='lat'><em>—</em></span> <span class='ocrx_word' id='word_1_358' title='bbox 362 3758 435 3813; x_wconf 84' lang='lat' dir='ltr'>Cave</span> <span class='ocrx_word' id='word_1_359' title='bbox 455 3756 605 3828; x_wconf 85' lang='lat' dir='ltr'>coniungas</span> <span class='ocrx_word' id='word_1_360' title='bbox 625 3760 760 3812; x_wconf 80' lang='grc'><strong>11111111</strong></span> <span class='ocrx_word' id='word_1_361' title='bbox 781 3757 872 3812; x_wconf 89' lang='lat' dir='ltr'>verbis</span> <span class='ocrx_word' id='word_1_362' title='bbox 891 3755 1122 3827; x_wconf 87' lang='lat' dir='ltr'>praecedentibus</span> <span class='ocrx_word' id='word_1_363' title='bbox 1141 3774 1171 3810; x_wconf 81' lang='lat' dir='ltr'>ea</span> <span class='ocrx_word' id='word_1_364' title='bbox 1184 3757 1242 3826; x_wconf 82' lang='lat' dir='ltr'>fide</span> 
     </span>
     <span class='ocr_line' id='line_1_38' title="bbox 64 3846 734 3920; baseline -0.012 -12"><span class='ocrx_word' id='word_1_365' title='bbox 64 3855 138 3908; x_wconf 81' lang='lat' dir='ltr'>bono.</span> <span class='ocrx_word' id='word_1_366' title='bbox 176 3849 335 3920; x_wconf 86' lang='lat' dir='ltr'>Respicitur</span> <span class='ocrx_word' id='word_1_367' title='bbox 353 3849 427 3904; x_wconf 88' lang='lat' dir='ltr'>enim</span> <span class='ocrx_word' id='word_1_368' title='bbox 446 3846 518 3900; x_wconf 89' lang='lat' dir='ltr'>illud</span> <span class='ocrx_word' id='word_1_369' title='bbox 538 3849 664 3919; x_wconf 80' lang='lat' dir='ltr'>quidquid</span> <span class='ocrx_word' id='word_1_370' title='bbox 681 3850 734 3903; x_wconf 87' lang='lat' dir='ltr'>etc.</span> 
     </span>
    </p>

    <p class='ocr_par' dir='ltr' id='par_1_7' title="bbox 99 3936 889 4009">
     <span class='ocr_line' id='line_1_39' title="bbox 99 3936 889 4009; baseline -0.004 -12"><span class='ocrx_word' id='word_1_371' title='bbox 99 3945 125 4008; x_wconf 87' lang='grc'>4)</span> <span class='ocrx_word' id='word_1_372' title='bbox 144 3943 183 3999; x_wconf 72' lang='lat' dir='ltr'>Ca</span> <span class='ocrx_word' id='word_1_373' title='bbox 203 3960 244 3996; x_wconf 89' lang='lat' dir='ltr'>nr.</span> <span class='ocrx_word' id='word_1_374' title='bbox 264 3939 396 3996; x_wconf 86' lang='lat' dir='ltr'>Huschke</span> <span class='ocrx_word' id='word_1_375' title='bbox 414 3941 510 3994; x_wconf 88' lang='lat' dir='ltr'>notam</span> <span class='ocrx_word' id='word_1_376' title='bbox 529 3937 602 3992; x_wconf 87' lang='lat' dir='ltr'>hanc</span> <span class='ocrx_word' id='word_1_377' title='bbox 621 3937 726 4009; x_wconf 88' lang='lat' dir='ltr'>primus</span> <span class='ocrx_word' id='word_1_378' title='bbox 745 3936 889 4008; x_wconf 82' lang='lat' dir='ltr'>explicuit.</span> 
     </span>
    </p>

    <p class='ocr_par' dir='ltr' id='par_1_8' title="bbox 102 4027 1240 4102">
     <span class='ocr_line' id='line_1_40' title="bbox 102 4027 1240 4102; baseline -0.006 -13"><span class='ocrx_word' id='word_1_379' title='bbox 102 4034 187 4096; x_wconf 70' lang='grc'><strong>5)(11</strong></span> <span class='ocrx_word' id='word_1_380' title='bbox 217 4031 439 4089; x_wconf 89' lang='lat' dir='ltr'>condemnation.</span> <span class='ocrx_word' id='word_1_381' title='bbox 470 4030 576 4102; x_wconf 79' lang='lat' dir='ltr'>Nempe</span> <span class='ocrx_word' id='word_1_382' title='bbox 604 4046 659 4098; x_wconf 88' lang='lat' dir='ltr'>quo</span> <span class='ocrx_word' id='word_1_383' title='bbox 688 4031 812 4098; x_wconf 87' lang='lat' dir='ltr'>tempore</span> <span class='ocrx_word' id='word_1_384' title='bbox 840 4028 910 4100; x_wconf 79' lang='lat' dir='ltr'>legis</span> <span class='ocrx_word' id='word_1_385' title='bbox 941 4027 1097 4084; x_wconf 81' lang='lat' dir='ltr'>actionibus</span> <span class='ocrx_word' id='word_1_386' title='bbox 1122 4029 1240 4084; x_wconf 81' lang='lat' dir='ltr'>Romam</span> 
     </span>
    </p>
   </div>
   <div class='ocr_carea' id='block_1_5' title="bbox 0 0 1455 4616">
    <p class='ocr_par' dir='ltr' id='par_1_9' title="bbox 0 0 1455 4616">
     <span class='ocr_line' id='line_1_41' title="bbox 0 0 1455 4616; baseline 0 0"><span class='ocrx_word' id='word_1_387' title='bbox 0 0 1455 4616; x_wconf 95' lang='lat' dir='ltr'> </span> 
     </span>
    </p>
   </div>
  </div>
 </body>
</html>
