2894 4616
217 27 284 96 too
600 43 683 94 mor.
708 26 767 112 IV,
791 45 856 94 xv1.
881 49 929 112 pr.
953 27 971 120 5
995 25 1023 96 l.

765 569 854 634 XVI.

478 719 528 780 un
549 719 678 780 ronna
697 720 849 780 sunnon
870 687 1134 780 sinemurus.

262 856 368 932 Nunc
394 858 609 932 admonendi
634 889 754 934 sumus
784 887 949 960 magnam
977 887 1096 932 euram
1122 862 1237 959 egisse
1258 889 1318 945 eos,
1334 871 1371 952 qui

141 959 147 969 ι
214 983 285 1047 iura
308 982 518 1061 sustinebant,
546 1001 590 1045 ne
616 974 721 1046 facile
747 974 908 1047 homines
934 974 979 1046 ad
1004 973 1215 1073 litigandum
1237 972 1372 1070 procede·

214 1097 312 1158 rent:
347 1095 431 1180 quod
454 1101 486 1161 et
510 1096 601 1162 nobis
623 1097 729 1162 studio
752 1103 811 1162 est.
860 1087 967 1186 idque
993 1114 1035 1160 eo
1060 1090 1212 1159 maxime
1237 1086 1306 1156 lieri
1327 1113 1372 1182 po·

213 1208 304 1288 test,
343 1199 439 1294 quod
476 1202 655 1272 temeritas
692 1211 764 1272 tam
800 1203 979 1300 agentium
1018 1228 1122 1300 quam
1162 1227 1283 1272 eorum
1315 1227 1372 1270 cun

214 1311 343 1410 quibrm
365 1323 529 1410 ageretur
550 1313 656 1386 modo
676 1318 879 1412 pecuniaria
899 1341 1031 1413 poena,
1055 1313 1161 1385 modo
1179 1311 1373 1384 iurisimandi

211 1426 400 1523 religione,
428 1425 534 1498 modo
561 1436 655 1497 metu
679 1429 845 1499 infamiae
872 1439 1064 1500 coercetur.
1090 1435 1169 1502 Eece
1193 1438 1278 1501 enim
1300 1435 1390 1497 iustu-2

218 1541 355 1606 randum
368 1541 516 1606 omnibus
527 1545 583 1628 qui
596 1545 827 1610 conveniuntur
839 1567 877 1610 ex
889 1549 996 1611 nostra
1007 1545 1232 1611 constitutione
1245 1543 1370 1608 defertur:

214 1668 291 1712 nam
322 1667 394 1712 reus
416 1669 479 1712 non
501 1648 595 1714 aliter
618 1653 684 1716 suis
708 1650 954 1739 allegationibus
977 1651 1097 1724 utitur,
1119 1651 1182 1713 nisi
1205 1649 1292 1733 prius
1310 1648 1371 1710 iura

214 1752 316 1836 verit,
353 1752 437 1838 quod
470 1761 587 1839 putans
617 1777 649 1821 se
679 1756 762 1822 bons
792 1758 943 1823 instantia
974 1757 1022 1821 uti
1053 1757 1093 1821 sd
1124 1753 1374 1821 contradicendum

215 1859 371 1944 pervenit.
417 1868 453 1927 at
473 1856 642 1931 adversus
660 1861 853 1932 infitiantes
874 1888 916 1932 ex
937 1860 1148 1960 quibusdam
1170 1861 1285 1930 causis
1304 1855 1375 1952 dupli

212 1963 268 2035 vel
303 1967 400 2064 tripli
431 1973 525 2044 aetio
560 1975 803 2060 constituitur,
837 1973 945 2044 veluti
971 1975 1002 2044 si
1027 1971 1147 2044 damni
1172 1973 1314 2042 iniuriae
1335 1979 1375 2037 aut
1410 1985 1411 2070 p

212 2075 409 2176 legatorum
433 2090 512 2157 loeis
535 2095 771 2162 venerabilibus
795 2095 979 2162 relictorum
999 2097 1127 2164 nomine
1146 2095 1266 2182 agitur.
1288 2082 1375 2154 statin

214 2201 331 2263 antem
364 2192 409 2264 ab
441 2197 541 2269 initio
574 2196 685 2294 pluris
716 2227 821 2298 quam
849 2200 966 2297 simpli
992 2211 1046 2272 est
1070 2201 1162 2272 aetio
1188 2199 1295 2271 veluti
1316 2194 1376 2265 furti

210 2308 389 2379 manifesti
427 2309 637 2408 quadrupli,
674 2338 741 2386 neo
779 2313 955 2386 manifesti
993 2313 1110 2410 dupli:
1151 2339 1233 2384 nam
1269 2338 1308 2382 ex
1336 2309 1375 2378 his

213 2420 330 2490 eausis
360 2431 397 2492 et
424 2422 504 2495 aliis
533 2423 763 2522 quibusdam,
800 2429 874 2498 sive
900 2429 980 2525 quis
1006 2437 1112 2526 neget
1136 2429 1209 2497 sive
1235 2426 1374 2506 fateatur,

212 2530 323 2626 pluris
347 2561 453 2633 quarn
478 2539 596 2635 simpli
623 2551 676 2611 est
701 2542 806 2614 aetio.
841 2543 925 2611 item
951 2541 1079 2612 actoris
1105 2564 1247 2637 quoque
1271 2535 1373 2607 salun-

209 2644 269 2714 nia
295 2660 498 2722 coercetur:
528 2679 603 2724 nam
635 2663 733 2726 etiam
766 2666 852 2727 actor
882 2681 939 2747 pro
966 2661 1127 2726 calumnia
1149 2663 1255 2725 iurare
1277 2657 1374 2745 cogitur

212 2779 252 2824 ex
281 2766 388 2828 nostra
418 2769 654 2832 constitutione.
702 2767 868 2852 utriusque
892 2769 991 2834 etiam
1014 2769 1114 2852 partis
1136 2765 1282 2830 advocati
1301 2762 1373 2827 iusiu-

211 2865 349 2932 randum
379 2872 534 2961 subsunt,
568 2873 652 2958 quod
675 2874 739 2938 alis
761 2873 868 2940 nostra
891 2874 1117 2940 oonst‘tutione
1140 2871 1373 2957 comprehensum

212 2975 269 3036 ost.
306 2973 383 3040 haee
409 2982 517 3044 antem
541 2981 647 3045 omnia
671 3000 727 3064 pro
748 2981 863 3044 veteris
884 2980 1062 3046 calumniae
1081 2977 1206 3044 actione
1225 2976 1374 3042 introducta

212 3082 303 3162 sunt,
328 3101 408 3164 quae
430 3084 465 3146 in
486 3083 727 3150 desuetudinem
746 3085 843 3162 abiit,
865 3085 940 3169 quia
961 3088 993 3149 in
1013 3089 1136 3169 partem
1157 3082 1310 3148 desimam
1326 3081 1373 3145 litis
1411 3055 1412 3120 l

216 3187 354 3249 soterem
386 3187 563 3274 multabat,
597 3190 680 3275 quod
704 3210 860 3274 nusquam
885 3191 1006 3256 fautum
1031 3211 1097 3256 esso
1120 3190 1316 3255 invenimus:
1335 3183 1372 3249 sed

210 3309 267 3374 pro
298 3289 349 3356 his
379 3292 598 3359 introductum
630 3300 678 3360 est
709 3303 740 3360 et
771 3296 950 3380 praefatum
981 3295 1205 3391 iusiurandum
1229 3301 1262 3361 et
1281 3299 1313 3358 ut
1330 3294 1372 3354 in·

211 3395 328 3479 probus
354 3394 499 3484 litigator
523 3401 622 3466 etiam
644 3401 799 3466 damnum
824 3408 857 3468 at
879 3404 1040 3489 impensas
1062 3400 1130 3468 litis
1153 3401 1270 3466 inferre
1291 3397 1370 3464 adrer-

211 3503 293 3568 sario
315 3522 372 3568 suo
396 3508 538 3595 cogatur.
