2894 4616
192 33 259 106 398
571 49 655 104 reso.
679 30 731 112 IV,
759 51 814 104 vu.
838 33 875 122 §t
898 29 1012 104 aaa

188 226 274 298 lium
311 225 540 326 intellegitur.
591 220 784 323 aliquando
823 233 941 296 tumen
979 222 1037 312 id,
1076 219 1174 322 quod
1211 221 1243 292 ei
1273 218 1358 293 debet

191 367 334 432 servus,
369 339 430 440 qui
463 339 501 408 iu
531 345 704 436 potestate
739 334 875 408 domini
910 339 977 425 sit,
1012 363 1085 409 non
1119 335 1300 408 deducitur
1328 362 1359 407 er

145 498 147 504 ,
190 452 349 553 peculio,
384 452 494 526 veluti
528 448 557 524 si
587 452 679 543 isin
704 448 806 522 huius
829 451 939 550 ipsius
965 450 1105 549 peculio
1132 451 1188 522 sit.
1241 453 1317 539 quod
1335 477 1360 521 eo

191 572 345 656 pertinet,
380 573 437 654 ut,
468 568 496 634 si
527 566 604 652 quid
627 567 747 632 vicario
770 586 827 632 suo
852 587 962 636 servus
986 568 1109 645 debeat,
1135 564 1170 632 id
1194 585 1234 662 ex
1255 562 1360 649 peculio
1406 581 1407 666 l

192 678 262 742 eius
286 696 349 743 non
375 676 558 742 deducatur.

163 821 165 826 ·
239 780 429 854 Caeterum
462 778 607 852 dubium
642 804 714 849 non
749 771 821 864 est,
848 781 935 877 quin
960 781 991 850 is
1016 803 1177 878 quoque,
1200 776 1264 875 qui
1285 775 1383 847 iussas

190 893 324 968 domini
361 894 575 966 contraxerit
609 893 735 992 cuique
770 893 942 964 institoria
974 892 1031 962 vel
1058 891 1266 962 exercitoria
1291 895 1364 962 actio

190 1010 377 1107 competit,
416 1006 460 1078 de
498 1005 641 1103 peculio
682 1005 797 1105 deque
835 1033 897 1090 co,
939 1005 1034 1105 quod
1068 1006 1104 1076 in
1138 1029 1212 1074 rem
1251 1003 1364 1075 domiui

190 1148 330 1196 versum
357 1130 429 1206 est,
457 1144 562 1219 agere
588 1119 720 1215 possit:
751 1116 814 1190 sed
839 1119 906 1190 erit
930 1118 1176 1212 stultissimus,
1201 1119 1233 1188 si
1257 1120 1365 1190 omissa
1407 1173 1408 1178 η

192 1238 350 1324 actione,
376 1260 446 1333 qua
471 1231 641 1304 facillime
667 1230 820 1304 solidum
843 1258 883 1304 ex
906 1243 1091 1304 contractu
1113 1231 1283 1328 consequi
1303 1255 1366 1328 pos·

190 1353 255 1445 sit,
279 1376 317 1422 sc
347 1348 393 1420 ad
419 1345 663 1418 difficultatem
690 1345 861 1442 perducat
884 1343 1059 1444 probandi
1084 1347 1121 1416 in
1149 1369 1227 1414 rem
1254 1343 1367 1414 domini

192 1489 332 1535 versum
360 1487 455 1551 esse,
483 1458 538 1530 vel
564 1457 695 1530 habere
720 1485 861 1530 servum
886 1460 1083 1556 peculium,
1109 1467 1144 1529 et
1168 1467 1305 1528 tantum
1324 1455 1368 1526 ln·

191 1577 294 1670 bere,
327 1586 364 1648 ut
397 1573 551 1645 solidum
585 1571 654 1644 sibi
687 1572 778 1645 solvi
811 1574 932 1669 possit.
985 1575 1023 1644 ls
1056 1596 1217 1670 quoque,
1244 1571 1300 1642 cni
1323 1573 1391 1640 tri-⁵²

193 1690 333 1762 bulonia
359 1690 453 1760 actio
482 1688 670 1785 competit,
698 1711 808 1784 aeque
836 1685 880 1758 de
904 1685 1044 1784 peculio
1069 1695 1103 1756 et
1128 1687 1164 1756 in
1186 1711 1265 1756 rem
1287 1710 1368 1756 verso

192 1829 298 1902 agere
333 1812 468 1900 potest:
501 1798 564 1872 sed
598 1827 683 1872 sane
707 1810 782 1875 huic
806 1809 901 1876 modo
927 1810 1095 1875 tributoria
1118 1808 1367 1895 expeditagere.

194 1917 290 1983 modo
332 1915 370 1981 de
405 1913 530 2001 peculio
565 1919 597 1980 et
631 1917 665 1980 in
699 1936 766 1981 rem
800 1936 901 1983 verso.
949 1916 1118 1981 tributaria
1151 1915 1225 1980 ideo
1263 1915 1369 2000 expedit

196 2044 309 2110 agere,
345 2023 420 2106 quia
455 2023 489 2086 in
523 2041 560 2087 ea
593 2021 715 2086 domiui
746 2022 888 2087 condicio
912 2023 1082 2107 praecipua
1105 2042 1166 2086 non
1190 2027 1260 2101 est,
1284 2021 1316 2085 id
1336 2025 1370 2084 est

195 2129 278 2213 quod
313 2128 442 2193 domino
477 2127 608 2193 debetur
642 2148 704 2193 non
740 2129 924 2214 deducitur,
960 2129 1015 2194 sed
1049 2128 1192 2194 eiusdem
1229 2130 1309 2192 iuris
1334 2132 1368 2192 est

196 2234 364 2318 dominus,
399 2236 491 2300 cuius
519 2239 551 2299 et
582 2235 698 2300 caeteri
728 2235 912 2301 creditores:
940 2237 1030 2302 etin
1054 2235 1176 2300 actione
1200 2234 1242 2300 de
1266 2233 1369 2320 peculio

194 2345 267 2406 ante
302 2339 470 2406 deducitur
502 2339 586 2425 quod
618 2341 746 2406 domiuo
778 2341 912 2406 debetur
943 2347 975 2406 et
1006 2341 1097 2405 inid
1122 2339 1368 2426 quodreliquun

194 2459 241 2518 est
272 2454 420 2519 creditori
451 2453 597 2518 dominus
628 2453 866 2520 condemnatur.
914 2472 1035 2515 rursus
1061 2443 1106 2514 de
1137 2443 1283 2541 peculio
1307 2442 1369 2512 ideo

194 2558 336 2656 expedit
368 2583 492 2656 agere,
527 2554 622 2656 quod
654 2558 691 2627 in
725 2557 792 2628 hac
825 2560 966 2629 actione
996 2558 1103 2628 totius
1136 2556 1272 2653 peculii
1300 2557 1370 2627 ratio

194 2670 360 2758 habetur,
395 2681 432 2742 at
470 2676 507 2741 iu
540 2669 726 2742 tributoriu
760 2671 835 2741 eius
865 2681 1021 2765 tantum,
1046 2670 1142 2769 quod
1168 2672 1370 2768 negotiatur,

193 2795 228 2856 et
258 2795 375 2881 potest
398 2784 547 2882 quisque
572 2786 673 2854 tertia
700 2783 791 2855 forte
815 2793 916 2881 parte
942 2783 1073 2881 peculii
1099 2795 1158 2855 aut
1184 2795 1309 2884 quarta
1331 2781 1370 2852 vel
1409 2849 1410 2888 p

193 2899 299 2969 etiam
331 2897 474 2967 minima
502 2897 696 2994 negotiari,
723 2897 893 2968 maiorem
920 2907 1038 2968 autem
1063 2907 1198 2995 partem
1228 2899 1267 2968 iu
1290 2923 1369 2994 prae·
1409 2931 1411 2988 p

198 3009 266 3080 diis
297 3019 333 3079 et
363 3008 549 3104 mancipiis
575 3019 634 3080 aut
661 3007 799 3079 fenebri
825 3012 974 3107 peeuuia
1002 3008 1146 3084 habere.
1194 3025 1292 3105 prout
1314 3038 1369 3104 ergo
1409 2991 1411 3088 l

197 3122 343 3208 expedit,
368 3123 416 3187 ia
440 3124 573 3208 quisque
596 3122 648 3188 vel
672 3123 754 3188 hane
777 3113 934 3190 actionem
956 3125 1007 3191 vel
1026 3112 1120 3216 illam
1140 3125 1262 3214 eligere
1281 3125 1368 3190 debet:
1410 3105 1411 3108 ¹

197 3231 281 3293 certe
314 3227 370 3311 qui
400 3233 506 3313 potest
536 3229 668 3314 probare
699 3231 733 3294 in
764 3249 833 3295 rem
867 3231 1003 3320 domini¹
1019 3253 1149 3300 versum
1180 3252 1266 3306 esse,
1297 3231 1369 3296 dein

197 3355 264 3400 rem
298 3353 389 3399 verso
421 3353 515 3420 agere
548 3335 652 3400 debet.
699 3335 787 3415 Quae
819 3337 960 3404 diximus
991 3338 1029 3404 de
1059 3357 1148 3404 servo
1181 3341 1215 3402 et
1247 3329 1411 3480 dominatp

199 3437 310 3506 eadem
344 3437 567 3526 intellegimus
605 3447 637 3507 et
669 3441 708 3507 dc
738 3440 804 3508 filio
836 3449 868 3512 et
901 3443 967 3510 tilia
999 3448 1056 3510 aut
1086 3449 1200 3529 nepote
1225 3449 1259 3510 et
1280 3447 1366 3528 nepte,

194 3549 285 3630 patre
317 3564 416 3612 uvore
446 3547 537 3611 cuiue
561 3547 595 3611 in
617 3551 775 3632 potestate
799 3555 882 3615 sunt.
930 3549 1016 3616 Illud
1039 3551 1164 3635 proprie
1188 3555 1328 3617 servatur
1344 3550 1385 3610 iri

196 3671 307 3718 eorum
335 3670 483 3735 persona,
517 3653 601 3736 quod
631 3660 759 3720 senatus
791 3654 973 3721 consultum
997 3655 1267 3722 Macedonianum
1288 3653 1367 3741 prohi-

195 3757 267 3821 buit
290 3762 421 3822 mutuas
444 3757 595 3841 pecunias
619 3759 688 3826 dari
711 3763 774 3839 eis,
802 3765 856 3847 qui
878 3765 912 3827 in
936 3765 1077 3848 parentis
1100 3767 1196 3827 erunt
1219 3766 1367 3848 potestate:

198 3864 230 3926 et
259 3861 288 3924 ei
320 3862 374 3944 qui
397 3861 564 3930 crediderit
589 3863 763 3954 denegatur
790 3871 873 3934 actio
896 3873 963 3934 tam
988 3869 1138 3936 adversus
1160 3871 1268 3955 ipsum
1289 3867 1366 3932 filim

201 3962 342 4034 filiamve
358 3959 517 4053 ¹nepotem
540 3976 726 4062 neptemve„
751 3975 819 4044 sive
840 3973 946 4044 adhuc
969 3977 1004 4040 in
1027 3978 1187 4062 potestate
1212 3981 1299 4060 sunt,
1319 3975 1365 4038 sin
