2934 4608
171 19 239 78 urs
379 9 518 82 naun.
543 29 612 81 m.
634 13 672 100 ss
695 11 816 78 e-1a.
839 29 896 78 xx.
920 33 968 97 pr.
993 13 1029 98 qq
1042 10 1139 78 1-3.

169 195 321 270 kalendas
352 198 425 265 illas
455 199 547 266 heres
576 197 670 266 esto’:
703 198 851 286 diemque
883 201 1044 266 adiectum
1073 220 1130 286 pro
1152 220 1343 284 supervacuo

170 303 281 370 haberi
302 302 407 390 placet
429 310 461 371 et
483 290 612 391 perinde
635 326 715 384 esse,
741 307 827 371 acsi
849 326 927 391 pure
950 304 1041 370 heres
1063 307 1231 370 institutus
1255 309 1344 370 esset.

172 408 382 495 Impossibilis
408 410 551 478 condicio
580 414 615 478 in
647 412 903 477 institutionibus
930 417 963 477 et
992 410 1108 498 legatis
1137 430 1195 476 neo
1224 431 1288 475 non
1310 412 1375 474 inu

172 511 424 582 fideicommissis
447 520 479 582 et
500 516 702 583 libertatibus
725 537 782 602 pro
804 537 867 584 non
890 519 1008 602 scripto
1029 516 1175 582 habetur.
1218 513 1254 580 Si
1271 514 1372 600 plu-n

173 639 223 684 res
249 620 446 686 condiciones
467 623 664 688 institutioni
686 621 861 708 adscriptae
885 627 974 700 sunt,
998 623 1026 687 si
1049 620 1179 706 quidem
1201 623 1348 685 coniune

174 726 251 799 tim,
274 729 312 788 ut
332 730 409 810 puta
434 727 472 791 ‘si
493 726 577 793 illud
600 733 632 794 et
653 726 737 793 illud
760 727 881 794 lactum
905 727 985 806 erit',
1009 727 1156 796 omnibus
1173 725 1352 812 parendum

39 919 44 932 Ι
175 836 238 894 est:
272 831 299 894 si
322 834 511 916 separatim,
534 831 638 898 veluti
663 835 700 898 ‘si
722 831 805 898 illud
829 838 885 898 aut
908 832 992 898 illud
1015 832 1138 898 factum
1161 833 1233 898 erit’
1259 830 1352 896 cuili-

175 933 229 998 bet
251 934 467 1020 0btemperare
490 939 567 1002 satis
590 942 647 1002 est.

220 1038 285 1114 Hi,
318 1060 396 1125 quos
424 1063 601 1128 numquam
625 1047 758 1109 testator
779 1044 881 1128 vidit,
905 1042 1035 1109 heredes
1058 1044 1188 1108 institui
1206 1046 1386 1129 possuntne

177 1143 281 1208 veluti
311 1147 337 1210 si
365 1144 472 1212 fratris
500 1145 584 1213 filios
613 1151 739 1236 peregri
768 1154 859 1214 natos
885 1150 1035 1236 ignorans
1059 1150 1115 1233 qui
1138 1153 1242 1213 essent
1264 1146 1355 1212 here-

178 1249 232 1314 des
253 1252 446 1319 instituerit:
469 1253 651 1340 ignorantia
673 1255 760 1318 enim
781 1254 929 1319 testantis
949 1252 1096 1319 inutilem
1117 1255 1358 1319 institutionem

175 1375 238 1420 non
260 1356 348 1421 lacit.

730 1591 806 1656 XX.

647 1778 697 1838 Du
718 1777 892 1844 uranus·

224 1934 316 2004 Post
344 1932 433 2005 haec
459 1933 641 2007 videamus
667 1935 876 2034 delegatis.
929 1961 1020 2034 quae
1042 1961 1125 2033 pars
1150 1935 1236 2005 iuris
1262 1896 1363 2004 eitra

177 2047 394 2143 propositam
429 2046 572 2145 quidem
607 2050 789 2120 materiam
822 2047 979 2119 videbar:
1004 2073 1085 2117 nam
1111 2046 1291 2144 loquimur
1316 2044 1363 2116 de

177 2157 232 2228 his
265 2158 350 2229 iuris
384 2157 529 2257 figuris,
554 2159 681 2257 quilius
705 2186 770 2258 per
793 2161 1058 2231 universitatem
1084 2185 1142 2230 res
1166 2156 1271 2229 nobis
1294 2157 1366 2230 ads

175 2271 372 2368 quiruntur.
422 2270 484 2342 sed
514 2297 593 2343 cum
620 2274 765 2343 omnino
790 2271 835 2343 de
859 2271 1080 2344 testamentis
1105 2269 1220 2368 deque
1245 2268 1364 2341 here-

176 2382 281 2454 dibus
314 2385 374 2481 qui
404 2394 615 2455 testamento
639 2385 868 2455 instituuntur
890 2383 1001 2454 locuti
1027 2408 1167 2475 sumus,
1188 2408 1261 2452 non
1283 2383 1362 2453 sine

175 2521 280 2566 causa
306 2497 467 2594 sequenti
491 2495 574 2567 loco
599 2507 716 2593 potest
738 2495 827 2578 haec
853 2495 939 2566 iuris
965 2489 1111 2566 materis
1137 2493 1294 2564 tractari.
1449 2577 1450 2592 χ

223 2608 383 2696 Legatum
420 2611 530 2694 itaque
564 2616 612 2676 est
646 2609 774 2676 donatio
809 2609 965 2695 quaedam
999 2629 1019 2674 a
1053 2607 1200 2674 defuncto
1234 2607 1381 2673 relictas
1449 2609 1450 2616 ’

178 2710 241 2778 Sed
272 2713 351 2779 olim
377 2714 506 2799 quidem
530 2721 619 2780 erant
641 2714 822 2803 legatorum
846 2735 962 2803 genera
986 2719 1150 2798 quattuor:
1175 2734 1231 2798 per
1252 2712 1384 2779 vindi-a

184 2820 358 2896 ostionem,
382 2839 438 2904 per
461 2818 715 2901 damnationem,
736 2820 861 2886 sinendi
879 2819 991 2898 modo,
1012 2839 1069 2905 per
1085 2820 1360 2904 praeceptionem:
1449 2835 1450 2862 ³

181 2927 213 2989 et
247 2929 332 2988 certa
366 2923 521 3009 quaedam
544 2926 653 2992 ,verba
687 2927 801 3012 cuique
835 2925 945 3012 generi
979 2922 1161 3011 legatorum
1191 2923 1362 3009 adsignata

94 3055 97 3060 ·
180 3033 288 3108 erant,
312 3049 370 3114 per
391 3049 471 3115 quae
491 3030 619 3118 singula
641 3052 757 3118 genera
779 3030 960 3118 legatorum
984 3026 1254 3117 significabantur.
1303 3029 1360 3094 sed

180 3155 219 3200 ex
249 3136 529 3202 constitutionibus
560 3136 707 3204 divorum
737 3137 918 3222 principum
949 3133 1147 3200 sollemnitas
1172 3133 1361 3200 huiusmodi

179 3241 349 3306 verborum
380 3243 507 3326 penitus
534 3241 660 3308 sublata
681 3246 746 3326 est,
769 3247 876 3307 nostra
899 3246 1009 3305 autem
1032 3241 1234 3317 constitutio,
1259 3260 1358 3324 quam

39 3356 45 3371 '
179 3367 253 3412 cum
275 3365 394 3434 magua
416 3347 548 3413 fecimus
571 3346 810 3424 lucubratione,
836 3345 1058 3412 defunctorum
1076 3343 1258 3411 voluntates
1276 3344 1356 3410 vali·

179 3451 281 3517 diores
311 3472 377 3516 esse
406 3454 568 3538 cupientes
599 3458 631 3518 ct
659 3473 722 3519 uon
752 3452 873 3531 verbis,
911 3451 966 3516 sed
996 3449 1216 3517 uoluntatibus
1247 3469 1359 3515 eorum

178 3555 338 3634 faventes,
362 3556 534 3643 disposuit,
557 3563 596 3622 nt
618 3559 766 3624 omnibus
787 3556 904 3645 legatis
925 3576 990 3621 una
1013 3557 1056 3620 sit
1078 3560 1262 3631 naturast,
1287 3557 1358 3640 qui·

178 3660 377 3747 buscnmque
406 3663 513 3728 verbis
542 3661 664 3749 aliquid
690 3662 878 3729 derelictum
908 3663 968 3744 sit,
999 3659 1095 3725 liceat
1125 3660 1291 3747 legatariis
1321 3659 1357 3724 id

179 3767 325 3852 persequi
355 3787 419 3834 non
448 3766 552 3834 solum
583 3789 640 3854 per
661 3770 800 3834 actiones
823 3765 1019 3854 personales,
1043 3765 1098 3830 sed
1121 3767 1219 3831 etiarn
1241 3786 1298 3851 per
1321 3766 1358 3830 in

177 3892 247 3937 rem
270 3875 302 3938 et
321 3893 377 3958 per
398 3873 678 3962 hypothecariam:
702 3874 793 3940 cuius
816 3873 1051 3942 constitutionis
1072 3891 1264 3957 perpensum
1286 3891 1357 3936 mo-

176 3977 252 4044 dum
280 3999 318 4044 ex
346 3980 448 4066 ipsius
469 3985 577 4046 tenore
597 3979 826 4066 perfectissima
849 3979 989 4066 accipere
1009 3975 1161 4062 possibile
1184 3982 1242 4044 est.
1290 3975 1378 4044 Sede
