2934 4608
148 1 153 6 ¹
198 47 242 116 82
625 63 710 112 nn.
731 45 772 111 n.
795 64 866 112 xm.
890 45 952 130 §1-

232 235 396 308 Postumi
428 225 569 332 qdoque
597 232 703 305 liberi
734 232 790 304 vel
826 231 976 305 heredes
1003 234 1139 306 institui
1163 232 1297 305 debent
1319 232 1375 304 vel

92 383 100 420 τ
197 346 414 422 exheredari.
466 359 501 419 et
532 347 569 417 in
594 372 637 419 eo
660 371 725 443 par
750 346 906 416 omnium
934 345 1098 418 condicio
1124 358 1196 440 est,
1222 344 1318 444 quod
1343 356 1379 417 et

196 463 234 534 in
257 461 332 534 filio
356 470 520 558 postumo
546 470 581 532 et
606 460 644 530 in
672 458 832 558 quolibet
857 485 899 530 ex
927 460 1054 530 ceteris
1078 458 1201 531 liberis
1226 461 1298 530 sive
1322 458 1379 529 fe·

199 575 332 646 minini'
364 597 468 645 sexus
494 575 568 645 sive
594 573 781 644 masculini
805 574 995 669 praeterito
1021 571 1116 644 valet
1140 571 1284 671 quidem
1310 581 1392 642 tes·

164 715 166 722 ·
199 696 408 775 lamentum,
445 685 507 758 sed
533 697 656 783 postea
681 683 896 786 adgnatione
921 687 1072 782 postumi
1099 687 1171 756 sive
1196 696 1378 782 postumae

129 818 135 860 ἰ
201 801 375 898 rumpitur
402 810 438 871 et
463 824 503 870 ea
528 800 665 870 ratione
690 809 802 870 totum
828 797 1041 870 infirmatur:
1068 797 1219 896 ideoque
1245 800 1275 868 si
1302 823 1378 868 mu·

101 939 104 946 ·
201 913 288 1008 lior,
322 939 364 1012 ex
389 938 458 1011 qua
483 923 666 1010 postumus
691 923 751 983 ant
774 923 936 1009 postuma
968 911 1193 1010 sperabatur,
1218 910 1378 982 abortum

202 1025 344 1119 fecerit,
369 1023 457 1095 nihil
483 1024 770 1122 impedimentum
796 1037 851 1096 est
874 1026 1015 1123 scriptis
1040 1024 1230 1096 heredibus
1251 1022 1296 1095 ad
1316 1021 1379 1092 he·

202 1137 388 1212 reditatum
407 1135 616 1210 adeundam.
656 1137 718 1210 sed
740 1139 901 1211 feminini
922 1137 1065 1238 quidem
1086 1165 1189 1210 sexus
1208 1161 1380 1236 personae

107 1343 114 1360 ,
204 1251 261 1324 vel
285 1251 491 1325 nominatim
518 1250 573 1322 vel
598 1252 690 1322 inter
710 1262 869 1323 caeteros
887 1251 1092 1324 exheredari
1106 1250 1285 1346 solebant,
1298 1249 1380 1320 dum

108 1365 110 1373 ’
205 1375 343 1454 tamen,
364 1365 394 1433 si
417 1365 510 1435 inter
536 1374 694 1436 caeteros
720 1364 992 1459 exhor-edentur,
1018 1364 1151 1464 aliquid
1176 1367 1227 1437 eis
1238 1364 1387 1463 legetur,

155 1555 158 1562 ,
205 1503 251 1548 ne
276 1476 462 1548 videantur
493 1502 558 1574 per
592 1476 807 1550 oblivionem
837 1479 1046 1575 praeteritae
1081 1504 1174 1566 esse,
1211 1476 1387 1550 masculos

152 1681 155 1692 Ι
202 1614 288 1661 vero
310 1598 511 1685 postumos‚
532 1588 568 1660 id
585 1600 638 1661 est
659 1588 771 1660 filium
795 1601 830 1662 et
850 1589 1038 1688 deinceps,
1052 1589 1186 1688 placuit
1199 1618 1271 1664 uon
1284 1590 1386 1663 aliter

152 1765 157 1796 5
207 1712 305 1774 reete
335 1699 561 1794 exheredari,
597 1703 664 1776 nisi
689 1704 897 1776 nominatim
923 1702 1195 1798 exheredantur,
1219 1703 1289 1776 hoo
1313 1706 1387 1776 soi·
1461 1713 1462 1778 i

151 1870 161 1910 1
208 1813 294 1888 licet
325 1813 447 1886 modo:
478 1816 703 1914 ‘quieumque
732 1815 820 1888 mihi
845 1815 939 1889 filius
964 1819 1104 1918 genitus
1130 1818 1252 1907 finerit,
1280 1816 1392 1890 exhe-

208 1952 266 1998 res
291 1927 388 2000 esto’.

1243 2105 1347 2202 ,Χ
