2934 4608
185 53 251 120 102
572 69 656 117 msr.
676 50 717 115 II.
741 67 809 114 xm.
830 45 978 132 §qt-6.
1079 150 1082 154 ι

230 239 384 334 (laeteri,
397 241 457 338 qui
470 239 648 311 testatoris
662 237 728 306 iuri
741 235 888 306 subiecti
905 261 974 305 non
989 244 1082 326 sunt,
1092 235 1248 303 extranei
1261 233 1383 306 here-e

181 353 244 424 des
259 353 491 450 appellantur.
518 354 635 449 itaque
649 348 752 420 liberi
765 372 906 446 quoque
920 348 1053 434 nostri,
1068 347 1128 443 qui
1142 347 1179 414 in
1192 356 1361 442 potestate

178 477 300 536 nostra
324 492 397 535 non
415 477 516 558 sunt,
539 462 687 536 heredes
708 488 729 538 a
749 460 852 532 nobis
873 460 1024 530 instituti
1038 460 1197 529 extranei
1213 457 1358 529 heredes

179 579 355 652 videntur.
394 604 464 676 qua
485 578 530 650 de
554 601 659 649 eausa
674 575 783 672 etqui
796 571 945 644 heredes
959 598 978 667 a
992 583 1103 642 matre
1116 573 1363 659 instituuntur,

179 691 304 764 eodem
326 716 472 763 numero
495 701 594 782 sunt,
616 687 699 786 quia
719 687 871 758 feminae
893 687 930 754 in
952 695 1124 782 potestate
1143 684 1277 754 liberos
1291 711 1362 754 non

177 803 321 876 habent.
371 829 493 876 servus
519 828 659 901 quoque
685 827 706 870 a
734 799 877 870 domino
904 797 1005 870 heres
1027 799 1205 868 institutus
1228 808 1262 866 et
1284 809 1365 892 post

179 927 427 989 testamentum
462 916 594 988 facturn
628 914 673 986 ab
708 939 750 984 eo
786 912 1021 982 manumissus
1052 909 1177 985 eodem
1216 935 1365 980 numero

180 1029 339 1101 habetur.
392 1031 428 1098 In
458 1033 614 1096 extraneis
636 1028 806 1094 heredibus
830 1025 913 1104 illud
935 1026 1135 1102 observatur,
1159 1031 1197 1089 ut
1220 1026 1262 1089 sit
1286 1046 1389 1090 cums

181 1149 226 1210 eis
250 1146 435 1210 testamenti
456 1143 569 1220 factio,
595 1143 663 1208 sive
687 1143 750 1226 ipsi
772 1139 903 1204 heredes
926 1139 1138 1201 instituantur
1160 1140 1228 1202 sive
1248 1137 1284 1201 hi
1307 1139 1367 1222 qui

180 1252 213 1314 in
245 1255 400 1336 potestate
430 1268 540 1314 eorum
568 1253 652 1313 sunt.
699 1251 731 1312 ιι
754 1245 789 1310 id
812 1244 935 1309 duobus
959 1244 1155 1329 temporibus
1177 1245 1365 1328 inspicitur,

182 1358 367 1438 testamenti
397 1355 621 1440 quidemt
557 1354 651 1430 facti,
683 1358 721 1417 ut
751 1353 853 1418 consti
854 1353 929 1416 terit
950 1353 1065 1414 instiut
1067 1353 1128 1427 tio,
1152 1351 1266 1414 mortis
1288 1369 1368 1414 vero

181 1465 279 1526 testat
246 1463 406 1538 ιιοιιι,ιι
407 1461 592 1526 tellectum
615 1458 739 1525 habeat.
787 1457 847 1522 hoc
871 1455 1065 1542 ampliuset
1084 1477 1159 1522 cum
1178 1455 1257 1519 adiit
1276 1454 1369 1519 here·

182 1565 263 1630 ditat
230 1571 332 1644 ιιιιι,
365 1587 431 1632 esse
465 1563 558 1632 debet
545 1571 661 1631 tcum
694 1585 731 1630 ιο
763 1569 824 1629 test
826 1565 946 1628 amenti
920 1563 1038 1626 ι·ιιι
1015 1566 1078 1639 ι,ιο
1103 1563 1170 1627 sive
1191 1581 1270 1645 pure
1294 1563 1369 1625 sive

180 1673 240 1736 sub
275 1672 456 1738 condicione
490 1671 581 1736 heres
614 1673 782 1736 institutus
816 1673 875 1734 sit:
908 1689 983 1732 nam
1013 1670 1063 1732 ius
1093 1666 1219 1732 heredis
1250 1686 1287 1731 eo
1311 1666 1370 1732 vel

179 1780 322 1844 maxime
351 1784 493 1862 tempore
521 1777 755 1862 inspiciendum
786 1781 847 1854 est,
883 1795 945 1859 quo
976 1772 1114 1860 adquirit
1140 1771 1371 1837 hereditatem.

180 1884 288 1949 medio
322 1888 431 1949 autem
463 1889 605 1968 tempore
634 1885 718 1947 inter
747 1881 869 1946 factum
899 1883 1128 1944 testamentum
1161 1883 1193 1942 ιι
1224 1884 1366 1942 mortem

182 1991 343 2054 testatoris
364 1987 418 2055 vel
441 1987 657 2053 condicionem
679 1989 892 2051 institutionis
912 1987 1103 2050 existentem
1123 1985 1262 2047 mutatio
1282 1985 1370 2048 iuris

182 2076 377 2159 heredi'non
399 2099 505 2172 nocet,
533 2097 608 2179 quia
630 2100 667 2158 ut
691 2093 832 2158 diximus
856 2095 918 2156 tria
940 2097 1085 2177 tempora
1101 2091 1217 2173 inspici
1235 2089 1362 2153 debent.

178 2202 364 2264 testamenti
394 2206 503 2265 autem
535 2199 705 2265 factionem
732 2220 795 2263 non
819 2197 923 2263 solum
947 2199 975 2272 is
996 2196 1112 2261 habere
1135 2195 1281 2270 videtur,
1306 2199 1365 2279 qui

177 2308 408 2370 testamentum
432 2306 534 2370 facere
556 2309 676 2390 potest,
703 2303 879 2369 sedetiam
903 2305 958 2388 qui
982 2323 1021 2366 ex
1043 2300 1147 2366 alieno
1170 2305 1367 2365 testamento

177 2410 262 2477 ιιι·
253 2431 320 2495 ipse
344 2431 452 2524 capere
473 2415 530 2496 pot
531 2414 578 2476 est
565 2409 655 2476 tvel
679 2408 735 2474 alii
759 2409 938 2494 adquirere,
959 2405 1035 2472 licet
1022 2411 1116 2470 tnon
1136 2411 1191 2491 pot
1193 2411 1241 2468 est
1227 2406 1368 2470 tfacere

177 2519 240 2580 test
242 2520 416 2581 amentum.
466 2515 599 2581 etideo
629 2523 661 2581 et
691 2515 828 2580 furiosus
863 2522 895 2579 et
928 2518 1001 2578 mut
1002 2534 1039 2577 us
1070 2519 1102 2576 et
1132 2519 1202 2597 post
1203 2532 1300 2576 umus
1333 2519 1368 2577 ct

176 2620 343 2685 ιιιιιιιιι
313 2626 343 2686 ιι
375 2536 482 2684 filiuse
488 2620 628 2686 familias
652 2628 685 2684 et
707 2641 817 2686 servus
841 2619 999 2684 alienust
986 2625 1033 2684 tes
1035 2619 1168 2683 ιιιιιιιιιι
1142 2616 1264 2681 ιιιιο·
1241 2627 1365 2682 tionem

176 2723 291 2790 habere
323 2725 490 2790 dicuntur:
524 2725 600 2790 licet
630 2727 715 2791 enim
749 2729 977 2791 testamentum
1001 2725 1103 2789 facere
1126 2744 1188 2788 non
1211 2739 1363 2808 possunt,

177 2835 318 2895 attamen
358 2851 397 2894 ex
432 2835 622 2897 testamento
657 2831 709 2896 vel
745 2832 806 2896 sibi
842 2829 894 2896 vel
929 2829 985 2894 alii
1019 2830 1184 2915 adquirere
1217 2837 1363 2914 possunt.

174 2931 366 3004 Extraneis
403 2945 519 3004 autem
557 2933 748 3006 heredibus
781 2933 1002 3029 deliberandi
1037 2944 1192 3030 potestas
1226 2945 1280 3004 est
1317 2934 1390 3008 des

167 3044 338 3116 adeunda
371 3044 566 3118 hereditate
600 3047 656 3118 vel
691 3075 762 3118 non
797 3046 970 3118 adeunda.
1022 3045 1086 3118 sed
1120 3048 1194 3117 sive
1225 3048 1276 3140 is,
1305 3048 1365 3118 cui

174 3156 376 3228 abstinendi
400 3169 556 3256 potestas
580 3170 656 3249 est,
682 3161 915 3232 immiscuerit
934 3185 971 3230 se
991 3157 1097 3229 bonis
1119 3158 1363 3254 hereditariis,

174 3273 248 3342 sive
272 3283 474 3367 extraneus,
496 3273 554 3344 cui
577 3272 621 3344 de
641 3272 805 3360 adeunda
827 3267 1021 3360 hereditate
1044 3269 1242 3343 deliberare
1258 3273 1361 3366 licet,

167 3383 319 3479 adierit,
355 3396 483 3482 postea.
515 3385 770 3484 relinquendae
807 3384 1013 3456 hereditatis
1047 3384 1253 3456 facultatem
1288 3413 1362 3457 non

173 3495 301 3591 habet,
335 3499 404 3568 nisi
434 3500 551 3569 minor
582 3500 629 3570 sit
662 3499 915 3596 annisviginti
941 3500 1118 3595 quinque,
1145 3523 1227 3568 nam
1254 3497 1359 3570 huius

175 3613 299 3689 aetatis
323 3609 526 3683 hominibus
554 3611 646 3683 sicut
668 3612 704 3680 in
726 3612 852 3682 ceteris
873 3609 1035 3694 omnibus
1049 3611 1165 3681 causis
1182 3610 1360 3710 deceptis,

172 3723 221 3796 ita
248 3735 283 3794 et
305 3725 335 3794 si
359 3737 491 3796 temere
514 3723 721 3794 damnosam
743 3721 974 3795 hereditatem
993 3723 1231 3820 susceperint,
1253 3751 1359 3820 prae·

171 3845 229 3907 tor
265 3839 453 3907 succurrit.
507 3835 703 3908 Sciendum
740 3846 860 3908 tamen
893 3847 946 3908 est
978 3834 1099 3907 divum
1131 3834 1383 3912 Hadrianumo

176 3950 281 4020 etiam
309 3951 435 4022 maiori
466 3950 593 4048 viginti
619 3951 775 4048 quinque
802 3949 904 4020 annis
929 3949 1069 4020 veniam
1095 3946 1253 4044 dedisse,
1279 3977 1356 4023 cum

170 4073 254 4164 post
276 4062 408 4134 aditam
433 4060 664 4134 hereditatem
689 4062 824 4161 grande
848 4087 908 4134 aes
928 4062 1104 4158 alienum,
1126 4060 1222 4159 quod
1244 4062 1357 4136 aditae
