2934 4608
232 57 298 125 108
520 60 665 126 rosuli.
688 77 744 124 xv.
768 61 805 144 ξς
817 56 917 124 1-4.
940 75 1009 124 rvr.
1034 81 1081 146 pr.

228 271 303 337 ceps
332 251 366 314 in
400 253 556 333 quantum
579 246 660 315 velit
682 253 816 314 testator
838 247 1030 313 substituere
1053 254 1158 332 potest
1182 253 1214 313 et
1237 249 1402 314 novissimo

228 355 297 422 loco
325 357 360 419 in
390 353 569 420 subsidium
597 351 651 418 uel
674 374 802 419 servum
825 355 1038 419 necessarium
1059 353 1209 419 heredem
1230 354 1401 418 instituere.

275 462 319 526 Et
348 459 455 546 plures
485 461 520 523 in
550 460 645 524 unius
675 459 782 526 locum
810 465 943 543 possunt
973 459 1140 538 substitui,
1174 458 1227 525 vel
1256 479 1341 523 unus
1374 462 1420 524 ini

224 566 390 652 plurium,
420 564 472 631 vel
503 562 625 651 singuli
656 563 811 652 singuiis,
844 563 898 630 vel
928 567 1069 630 invicem
1100 567 1163 650 ipsi
1193 567 1249 649 qui
1280 564 1405 630 heredes

228 674 370 738 instituti
403 675 487 736 sunt.
534 669 577 736 uc
607 672 635 734 si
666 692 705 736 ex
736 671 915 756 disparibus
945 671 1091 757 partibus
1121 671 1252 736 heredes
1276 673 1423 755 scriptore

223 781 368 844 invicem
398 777 601 842 substituerit
627 782 660 841 et
681 775 806 841 nullom
829 779 1026 848 mentionem
1049 778 1084 841 in
1105 777 1337 842 substitutione
1359 777 1408 841 he·

225 871 335 949 buerit
355 885 513 969 partium,
541 901 592 947 ees
607 881 736 947 videtur
755 887 859 966 peries
875 885 909 946 in
928 883 1156 948 substitutione
1172 881 1314 966 dedisse,
1337 903 1408 968 ques

223 993 263 1054 in
289 991 492 1054 institutione
524 990 709 1080 expressitzn
726 994 757 1052 et
790 991 837 1052 ite
860 987 953 1055 divus
975 988 1055 1053 Pius
1076 989 1248 1074 rescripsit.
1295 987 1363 1053 Sed
1384 990 1424 1054 sie

229 1097 379 1160 instituto
402 1093 512 1159 heredi
535 1098 567 1157 et
586 1093 732 1159 coheredi
750 1114 807 1160 suo
827 1094 1002 1160 substituto
1023 1095 1096 1160 date
1116 1093 1198 1159 elius
1217 1095 1408 1160 substitutus

225 1201 340 1276 fuerit,
366 1200 436 1266 divi
459 1197 595 1264 Severus
618 1205 651 1265 et
671 1201 851 1265 Antoninus
873 1203 941 1266 sine
964 1200 1167 1265 distinctione
1184 1202 1409 1286 rescripserunt

223 1307 268 1371 ed
291 1311 461 1390 utramque
485 1311 608 1390 partem
633 1306 845 1370 substitutum
869 1306 1009 1372 admitti.
1057 1304 1091 1371 Si
1114 1327 1242 1371 servum
1267 1305 1424 1371 alienumr
1448 1367 1450 1382 J

226 1415 300 1496 quis
330 1417 453 1496 petrem
483 1410 623 1476 familias
646 1411 818 1476 arbitratus
841 1411 990 1477 heredem
1014 1415 1175 1497 scripserit
1197 1417 1246 1489 et,
1271 1414 1300 1476 si
1325 1412 1410 1476 heres
1449 1449 1450 1456 κ

222 1538 290 1583 non
323 1522 418 1594 esset,
449 1515 617 1582 Maeuium
647 1519 677 1582 ei
707 1517 911 1582 substituerit
933 1521 1023 1603 isque
1044 1537 1154 1583 servus
1176 1521 1267 1582 iussu
1288 1517 1409 1582 domini

226 1623 345 1688 adierit
375 1622 605 1698 hereditatem,
632 1623 782 1688 Maevius
801 1625 837 1688 in
857 1628 983 1708 purtem
1006 1623 1197 1688 admittitur.
1245 1622 1306 1688 ills
1331 1626 1409 1688 enin

228 1730 326 1794 verba
360 1731 397 1792 ‘si
425 1729 515 1794 heres
537 1747 600 1793 non
624 1728 693 1792 crit'
716 1732 750 1792 in
773 1749 809 1794 eo
833 1729 982 1814 quidem,
1007 1750 1102 1814 quem
1126 1729 1229 1794 eliene
1252 1731 1321 1793 iuri
1345 1731 1410 1794 sub

221 1837 349 1899 iectum
382 1854 448 1898 esse
480 1839 611 1899 testator
641 1837 721 1918 scit,
746 1837 792 1898 sic
815 1836 1032 1921 accipiuntur:
1056 1837 1085 1899 si
1107 1855 1208 1920 neque
1230 1838 1301 1920 ipse
1325 1837 1409 1901 heres

224 1942 291 2004 erit
321 1959 422 2023 neque
454 1938 555 2004 alium
587 1939 735 2004 heredem
758 1939 911 2005 effecerit:
936 1943 969 2004 in
993 1961 1029 2006 eo
1052 1961 1145 2014 vero,
1168 1962 1264 2026 quem
1286 1948 1409 2027 patrem

222 2037 369 2110 ¹familias
400 2063 466 2110 esse
498 2045 683 2123 arbitratur,
717 2044 801 2109 illud
830 2043 1028 2133 significant:
1058 2049 1085 2110 si
1115 2046 1330 2112 hereditatem
1352 2049 1408 2112 sibi

226 2152 318 2227 eive,
344 2153 434 2215 cuius
456 2152 521 2216 iuri
542 2155 651 2235 posteo
673 2151 834 2215 subiectus
857 2171 923 2216 esse
944 2155 1098 2237 coeperit,
1122 2172 1183 2218 non
1207 2153 1406 2238 adquisierit.

223 2256 324 2340 idque
347 2254 494 2322 hiberius
516 2252 631 2322 Oeesar
653 2257 687 2320 in
709 2275 842 2340 persone
864 2254 1031 2322 Porthenii
1053 2262 1138 2326 servi
1160 2262 1212 2324 sui
1231 2263 1407 2326 constitnit.

780 2492 867 2608 hVI.

517 2663 568 2722 DE
589 2662 795 2724 Perinthus
816 2662 1124 2725 suesrlrurlouu

277 2819 421 2892 Liberis
446 2822 519 2890 suis
545 2817 808 2917 impuberibus,
830 2847 920 2919 quos
942 2823 978 2891 in
996 2833 1169 2924 potestate
1190 2826 1271 2922 quis
1294 2825 1410 2916 hahet,

221 2959 298 3004 non
330 2933 443 3006 selum
480 2933 549 3024 ita,
582 2943 621 3004 ut
655 2933 953 3031 supradiximus,
981 2933 1193 3032 substituere
1214 2951 1355 3036 potest,
1378 2937 1408 3009 id

227 3059 282 3117 est
311 3057 366 3140 nt,
398 3047 428 3117 si
459 3045 608 3118 heredes
645 3047 677 3119 ei
713 3074 785 3117 non
816 3049 1017 3138 extiterint,
1044 3049 1134 3120 eiius
1158 3051 1192 3121 ei
1216 3053 1263 3123 sit
1287 3051 1388 3125 heres
1395 3102 1406 3141 ,

158 3221 161 3236 ,
225 3158 291 3230 sed
325 3186 367 3232 eo
402 3159 552 3258 amplius
586 3170 624 3231 ut
657 3171 711 3248 et,
743 3161 773 3231 si
788 3159 949 3233 heredes
975 3163 1007 3233 ei
1034 3163 1212 3234 extiterint
1236 3176 1272 3237 et
1298 3165 1405 3238 adhuc

225 3270 427 3370 impuberes
460 3274 588 3344 mortui
624 3274 771 3364 fuerint,
811 3276 858 3346 sit
894 3277 945 3346 eis
979 3274 1107 3374 aliquis
1137 3275 1251 3350 heres.
1305 3280 1405 3352 veluti
