2894 4616
380 54 864 140 „mmfflmm
1185 53 1250 122 ma

9 238 55 326 Ι9)
66 241 153 327 plius
182 245 339 312 sotionem
369 241 483 323 hebet,
506 265 603 331 quam
626 248 654 312 si
676 249 744 334 ipse
764 247 768 330 Ι
790 247 901 333 egerit.
948 241 1083 312 'Putares
1106 251 1139 312 et
1162 267 1252 313 oura-
1275 270 1300 312 re

66 352 152 415 tores
175 351 305 436 eddam]
328 351 425 417 modo
448 372 510 436 quo
534 356 566 417 et
583 353 826 441 prorumperet]
847 350 1010 444 eatis'dare
1031 350 1252 419 dehereverba
1277 375 1301 418 a

66 454 164 520 edicti
186 457 325 543 faciunt,
349 457 404 523 sed
427 457 596 542 aliquando
619 457 686 524 illis
709 458 884 548 septisdatio
907 457 1092 525 remittitur.
1115 461 1122 548 Ι
1280 485 1302 526 15

8 558 50 646 tO)
112 561 201 627 Haeo
222 565 285 641 ita,
308 563 387 629 siin
407 583 474 628 rem
493 571 633 650 agotum.
645 566 727 650 si[n]
749 585 824 631 vero
843 564 876 629 iu
889 553 1073 650 personam,
1087 567 1126 632 ab
1139 568 1252 632 aotorie
1279 589 1301 632 re

66 668 196 753 quidem
216 674 222 757 Ι
241 678 331 757 parte
354 670 478 756 quondo
501 670 646 735 satisderi
670 670 822 736 debeatur
844 675 1030 755 quaerentes
1053 673 1163 738 eadem
1184 675 1190 758 Ι
1210 688 1257 739 re-'
1281 696 1315 757 u,
1329 695 1353 738 ra

65 777 278 864 per[a']emus‚
294 779 319 863 Ι)
355 797 435 862 quae
470 777 612 842 diximus
647 777 680 840 in
709 778 850 860 actione,
883 797 945 861 qua
975 779 1010 840 in
1040 798 1119 842 rem.
1133 781 1251 865 egitur.

7 880 50 967 ΙΙ)
63 883 116 947 Ab
138 882 143 966 Ι
163 883 231 948 eius
254 904 329 951 vero
347 890 453 970 parte,
472 904 547 950 oum
568 903 630 968 quo
650 885 768 970 agitur,
789 885 817 947 si
837 882 967 967 quidem
979 881 1082 948 alieno
1094 885 1250 972 nomin[e]
1278 909 1302 952 re

65 989 182 1074 aliquis
204 985 422 1075 interveniat,
449 991 630 1057 omnimodo
651 989 798 1054 satisdari
818 989 928 1060 debet,
941 989 1253 1073 quionemoalienae
1275 1015 1302 1057 ro

63 1098 112 1162 rei
137 1100 204 1162 sine
227 1099 437 1188 satisdatione
458 1098 600 1164 defensor
621 1097 753 1162 idoneus
772 1094 989 1182 intellegitur3
1011 1095 1065 1159 sed
1085 1098 1253 1181 elquidem
1277 1121 1301 1162 rr

64 1225 141 1270 oum
173 1205 342 1292 cognitore
371 1209 486 1292 agetur
515 1203 662 1268 dominus
692 1202 843 1268 satisdare
866 1201 1009 1276 iubetur,
1034 1202 1061 1266 si
1085 1223 1252 1269 verorum
1275 1226 1301 1268 se

62 1312 271 1395 prosultatore
293 1311 361 1395 ipse
383 1314 574 1394 proeurator.
622 1309 711 1374 Idem
735 1313 768 1373 et
788 1307 826 1373 do
845 1312 950 1373 tutore
971 1313 1004 1373 st
1022 1310 1061 1374 de
1081 1313 1250 1394 curatore}
1276 1333 1302 1374 re

6 1415 50 1501 Ι2)
66 1417 149 1480 iuris
180 1422 238 1480 est.
288 1415 406 1496 Quodsi
434 1417 560 1501 proprio
582 1401 711 1480 nomine
734 1413 850 1499 aliquis
871 1414 1029 1479 iudicium
1054 1415 1179 1500 aliquod
1204 1436 1251 1482 ae·
1275 1439 1301 1482 aa

66 1522 166 1606 oipiat
183 1520 199 1594 ΙΙ
217 1524 251 1586 in
274 1543 459 1606 personam,
483 1523 577 1587 certis
601 1542 639 1586 ex
663 1521 766 1586 oeusis
790 1520 936 1586 satisdari
960 1520 1056 1605 solet,
1085 1543 1163 1606 quas
1186 1523 1254 1607 ipse
1323 1523 1389 1588 224

62 1627 216 1712 praetor}
245 1625 419 1714 signifieat3
459 1648 594 1712 querum
631 1627 874 1691 satisdationum
910 1625 1027 1711 duplex
1063 1647 1157 1702 eausa
1188 1635 1252 1695 est:
1277 1615 1390 1699 ΜΨ)

63 1753 142 1798 nem
162 1739 186 1808 †
205 1732 230 1816 ²)
259 1737 314 1797 aut
342 1738 469 1818 propter
489 1736 495 1817 Ι
515 1753 617 1820 genus
641 1731 772 1798 aetionis
796 1730 1017 1815 satisdaretur,
1047 1738 1103 1798 aut
1126 1740 1289 1819 proptera

63 1859 248 1924 personam,
281 1841 356 1924 quia
379 1844 523 1924 suspecta
542 1841 548 1924 Ι
569 1839 622 1903 eit.
643 1840 648 1922 Ι
682 1839 707 1915 Ἰ
720 1838 854 1922 Propter
875 1859 977 1925 genus
1000 1839 1147 1918 aetionis,
1160 1841 1251 1907 velut
1273 1865 1322 1918 ¹2¹

66 1945 221 2022 iudicati,
258 1945 426 2030 depensive
461 1950 516 2008 aut
546 1945 551 2028 Ι
580 1964 653 2008 oum
690 1943 728 2007 de
763 1943 905 2008 moribus
940 1943 1085 2011 mulieris
1117 1953 1288 2035 agotum

66 2055 196 2136 propter
231 2071 415 2136 personam,
451 2049 559 2132 velut,
594 2049 622 2113 si
656 2069 729 2113 oum
749 2050 755 2134 Ι
776 2069 812 2114 eo
848 2051 971 2135 agitur,
1008 2052 1067 2135 qui·
1093 2053 1287 2119 decoxeritr

68 2157 200 2222 cuiusve
229 2157 311 2222 bona
342 2161 387 2242 [a]
419 2157 629 2223 oreditoribus
660 2156 811 2242 postsessa
840 2157 1054 2242 proscriptave
1080 2164 1161 2244 siut,
1186 2161 1289 2228 aives

67 2283 143 2328 oum
167 2283 203 2328 eo
225 2261 357 2347 herede,
370 2263 395 2347 ι)
420 2285 514 2348 quem
537 2268 671 2348 praetor·
685 2265 876 2346 suspelotum
900 2263 1154 2342 aestimaverit!
1275 2287 1289 2330 a

2 2368 50 2454 ¹3)
114 2367 232 2434 Omnie
263 2374 371 2434 autem
402 2369 521 2438 iudiois
551 2373 607 2434 aut
636 2367 785 2454 legitimo
815 2367 884 2432 iure
907 2369 1084 2434 consistunt
1106 2375 1162 2436 aut
1185 2367 1251 2458 imi
1275 2385 1301 2426 ¹⁰

2 2478 50 2566 ³4)
69 2477 158 2562 perio
187 2478 395 2542 eontinentur.
442 2475 606 2563 Legitima
634 2480 708 2538 sunt
731 2473 868 2547 iudicia,
893 2494 972 2558 quae
995 2475 1029 2540 in
1050 2476 1128 2542 urbe
1150 2476 1255 2544 Roma
1279 2491 1301 2532 ¹¹

65 2581 122 2648 vei
142 2583 228 2647 intro
239 2581 265 2666 ⁵)
290 2581 432 2666 primum
456 2581 544 2646 urbis
567 2580 688 2645 Romae
711 2577 890 2644 miliarium
910 2581 993 2645 inter
1014 2601 1122 2648 omnes
1143 2585 1149 2667 Ι
1169 2585 1254 2650 cives
1279 2596 1313 2660 ¹¹,
1329 2597 1353 2639 ¹³

66 2689 229 2755 Romanos
252 2691 309 2754 sub
331 2709 396 2754 uno
418 2689 524 2754 iudice
548 2687 747 2772 accipiuntur
753 2706 763 2764 3
791 2705 889 2771 eaque
911 2687 985 2774 lege
1007 2685 1096 2752 Julia
1114 2688 1250 2775 iudicia-l

69 2795 166 2880 [ria],
186 2793 250 2859 nisi
268 2795 302 2858 in
322 2815 403 2861 anno
422 2800 455 2861 et
474 2815 528 2860 sex
547 2793 710 2859 mensibus
728 2792 869 2858 iudicata
887 2793 1022 2870 fuerint,
1036 2791 1205 2878 expiirant:
1219 2800 1251 2861 et
1274 2809 1311 2880 ¹¹,
1325 2809 1349 2849 ¹³

67 2901 128 2966 hoc
164 2907 228 2986 est,
261 2901 345 2986 quod
378 2901 478 2990 vulgo
513 2900 631 2966 dieitur
664 2899 738 2988 lege
768 2897 856 2964 Julia
886 2898 979 2964 litem
1009 2899 1169 2987 annotet
1199 2921 1254 2966 sex
1278 2914 1303 2955 ¹¹¹
1432 2933 1435 2936 ·

2 3009 53 3092 ¹5)
67 3009 234 3074 mensibus
268 3009 363 3074 mori.
380 3007 405 3094 ⁶)
453 3006 592 3092 Imperio
626 3026 700 3073 vero
730 3007 930 3072 eontinentur
959 3002 1196 3091 rsiouperatoria
1224 3011 1255 3072 et
1278 3019 1303 3060 ¹¹

66 3135 150 3200 quee
172 3114 231 3182 sub
251 3135 315 3182 uno
333 3114 440 3182 iudice
460 3115 673 3200 accipiuntur,
690 3112 927 3205 interuenilente
943 3111 1104 3200 peregrini
1122 3133 1254 3198 persone
1277 3124 1303 3168 ¹8

69 3331 251 3352 μ

110 3482 140 3553 1)
160 3480 198 3536 Ge
217 3483 390 3551 repetemus,
409 3480 484 3549 quod
503 3480 635 3536 mendum
655 3482 736 3537 vetus
755 3493 814 3533 esse
832 3478 902 3533 Iust.
922 3478 1002 3533 testis
1020 3481 1071 3533 est.

109 3573 136 3642 *Ι
155 3572 281 3642 »Pagina
298 3570 414 3628 interior
432 3571 514 3628 iaeile
533 3571 663 3643 legitur''.

109 3661 139 3732 2)
156 3659 273 3716 Periisse
293 3661 405 3720 videtur
423 3679 518 3718 versus
537 3662 702 3732 archetype:
723 3662 761 3714 iro
778 3661 909 3732 praeterea
928 3661 1009 3714 edicto
1028 3670 1131 3714 cautam
1150 3672 1202 3729 est,
1220 3673 1257 3718 ot.

109 3752 138 3824 3)
158 3752 211 3826 (pp
229 3769 316 3824 genus
335 3751 413 3808 adenis
433 3753 500 3808 satis
520 3751 608 3806 daret'
627 3741 685 3834 esp
703 3765 821 3820 persona
838 3749 878 3811 dd
897 3747 1050 3822 ruspeiota
1069 3750 1114 3811 sit)
1133 3750 1163 3805 O.

108 3841 309 3914 ewm
841 3857 842 3862 κ

16 3931 20 3938 ’
109 3929 138 3997 5)
158 3930 197 3986 Oe
216 3929 398 3999 4⁸(2-,iuter).

108 4022 138 4094 6)
157 4021 250 4086 noxia
311 4087 314 4092 ,
