2964 4596
241 65 284 132 32
629 66 773 133 100011.
798 86 818 130 1.
844 64 1037 150 1127-30.

237 259 325 322 idem
357 257 437 319 iuris
464 261 528 320 est:
560 274 636 317 nam
668 260 700 318 et
723 275 759 320 eo
783 275 857 319 casu
880 276 1084 320 communem
1107 277 1172 322 esse
1195 258 1332 342 speciem
1355 277 1410 320 000

238 363 422 436 dubitatur,
442 361 554 444 quodsi
575 361 711 424 fortuitu
730 367 762 425 et
781 381 843 424 non
864 361 1027 426 voluntate
1049 363 1251 427 dominorum
1273 363 1409 426 confusae

238 468 358 532 fuerint
383 465 436 530 vel
467 465 609 529 diversae
640 468 791 530 materiae
818 465 872 530 vel
900 487 980 550 quae
1012 467 1155 532 eiusdem
1177 471 1303 554 generis
1327 473 1409 544 aunt,

234 575 324 639 idem
348 575 428 636 iuris
451 592 516 636 esse
540 571 671 655 placuit.
707 571 826 651 Quodsi
849 571 1048 636 frumentum
1072 573 1152 638 Titii
1175 579 1231 639 tuo
1254 574 1407 638 frumento
1415 595 1437 638 aa

236 682 378 744 mixtum
402 678 516 750 fuerit,
541 678 568 740 si
589 677 719 761 quidem
743 699 781 741 er
803 677 970 742 voluntate
993 685 1117 756 vestra,
1143 699 1314 744 commune
1339 681 1409 756 erit,

238 787 314 869 quia
337 784 465 870 singula
488 803 631 866 corpora,
657 783 691 846 id
715 789 762 848 001
786 782 914 868 singula
938 805 1054 870 grana,
1080 805 1160 869 quae
1179 787 1333 868 cuiusque
1351 805 1413 868 pro

236 893 307 975 pria
341 889 487 964 fuerunt,
520 909 559 952 ex
591 908 744 954 consensu
773 893 879 954 vestro
911 893 1146 954 communicata
1177 896 1261 954 sunt.
1309 891 1414 974 quodsi

239 1016 312 1060 casu
343 995 377 1058 id
409 996 548 1058 mixtum
576 994 689 1070 fuerit,
714 995 767 1061 vel
791 994 897 1059 Titius
920 997 954 1060 id
977 998 1142 1062 miscuerit
1165 998 1233 1061 sine
1255 995 1414 1062 voluntate

239 1104 314 1173 tua.
346 1119 408 1163 non
438 1099 566 1163 videtur
596 1120 765 1164 commune
797 1120 879 1178 esse,
904 1103 979 1185 quia
995 1101 1132 1188 ,singula
1155 1123 1283 1186 corpora
1306 1102 1341 1164 10
1365 1122 1415 1165 000

239 1207 416 1272 substantia
440 1205 555 1270 durant
577 1225 634 1268 nec
656 1207 763 1291 magis
786 1207 857 1270 istis
881 1206 1005 1271 casibus
1029 1228 1198 1273 commune
1221 1205 1258 1270 fit
1279 1209 1416 1271 trumen-

241 1318 329 1388 tum,
361 1333 455 1396 quam
486 1332 564 1397 grex
594 1313 773 1376 communis
805 1331 871 1375 0000
902 1310 1120 1398 intellegitur.
1153 1316 1181 1378 si
1203 1334 1317 1398 pecora
1332 1308 1414 1376 'Titii

219 1420 305 1482 tuis
335 1417 500 1502 pecoribus
530 1419 634 1481 mixta
664 1417 799 1481 fuerint:
833 1416 888 1482 sed
919 1420 946 1480 01
976 1418 1015 1482 ab
1046 1418 1198 1484 alterutro
1220 1425 1366 1485 vestrum
1387 1419 1417 1482 id

238 1528 343 1588 totum
374 1523 571 1586 frumentum
601 1525 792 1605 retineatur,
821 1523 855 1585 in
886 1543 953 1586 rem
986 1523 1113 1606 quidem
1141 1526 1223 1590 actio
1245 1545 1302 1609 pro
1326 1525 1416 1588 modo

240 1629 393 1693 frumenti
418 1629 570 1711 cuiusque
594 1633 766 1712 competat,
791 1627 922 1692 arbitrio
947 1637 1055 1694 autem
1079 1629 1194 1694 iudicis
1218 1633 1414 1702 continetur,

241 1739 279 1800 ut
302 1737 330 1797 is
353 1735 517 1808 aestimet,
542 1732 635 1816 quale
659 1736 811 1818 cuiusque
835 1733 1033 1798 frumentum
1057 1734 1164 1799 fuerit.
1200 1733 1283 1801 Oum
1304 1739 1340 1798 in
1361 1755 1441 1799 auca

237 1840 305 1906 solo
336 1839 452 1922 aliquis
481 1836 584 1902 aliena
611 1840 748 1902 materia
778 1836 1008 1907 aedificaverit.
1033 1841 1101 1924 ipse
1124 1840 1271 1905 dominus
1295 1841 1416 1906 intelle·

239 1947 328 2032 gitur
358 1941 512 2026 aedificii,
543 1945 618 2026 quia
649 1961 742 2007 omne
776 1943 860 2028 quod
889 1942 1108 2008 inaedificatur
1130 1944 1196 2012 solo
1219 1948 1311 2012 cedit.
1362 1967 1414 2012 nec

242 2059 351 2116 tamen
381 2049 453 2112 ideo
478 2050 524 2124 10,
554 2050 609 2132 qui
638 2050 792 2112 materiae
816 2049 965 2112 dominus
988 2049 1120 2127 fuerat,'
1135 2051 1250 2116 desinit
1273 2055 1345 2116 eius
1368 2052 1415 2116 do

238 2159 347 2222 minus
378 2172 462 2218 esse:
495 2154 549 2218 sed
579 2155 733 2238 tantisper
761 2175 863 2238 neque
896 2155 1056 2220 vindicare
1088 2177 1159 2222 eam
1190 2162 1294 2242 potest
1316 2177 1416 2242 neque

240 2263 280 2328 ad
304 2259 518 2326 exhibendum
542 2259 579 2322 de
602 2279 639 2324 ea
658 2279 692 2322 ra
716 2279 809 2345 agere
833 2266 960 2344 propter
983 2260 1087 2347 legem
1108 2262 1274 2328 duodecim
1296 2263 1417 2328 tabula·

239 2389 329 2450 rum,
354 2388 416 2451 qua
433 2356 576 2438 cavetur,
596 2385 635 2428 ne
655 2365 727 2448 quie
747 2367 877 2451 tignum
898 2364 1039 2430 alienum
1059 2367 1191 2432 aedibus
1211 2371 1276 2432 0010
1297 2371 1418 2434 iniunc-

239 2478 311 2539 tum
343 2475 481 2537 eximere
513 2474 664 2556 cogatur,
696 2470 750 2534 sed
778 2469 912 2554 duplum
937 2488 994 2555 pro
1024 2492 1060 2536 eo
1084 2478 1222 2557 praestet
1243 2495 1300 2559 per
1325 2477 1420 2539 actio-

186 2637 189 2642 .
238 2603 328 2646 nem.
364 2599 443 2663 quae
476 2581 609 2642 vocatur
638 2575 676 2639 de
707 2577 799 2662 tigno
820 2578 930 2641 iuncto
954 2577 1178 2662 (appellatione
1201 2586 1309 2645 autern
1337 2583 1418 2668 tigni

239 2688 342 2752 omnis
371 2685 508 2747 materia
537 2679 754 2768 significatur,
785 2703 824 2746 ex
855 2702 918 2766 qua
950 2681 1092 2748 aedificia
1114 2683 1217 2770 fiunt):
1242 2687 1328 2770 quod
1351 2689 1417 2752 ideo

239 2792 403 2875 provisum
435 2792 501 2860 001,
533 2808 573 2850 00
605 2783 747 2850 aedificia
776 2787 913 2852 rescindi
936 2809 1061 2854 necesse
1084 2793 1136 2856 sit.
1184 2793 1238 2856 sed
1260 2795 1288 2856 01
1312 2792 1418 2878 aliqua

242 2915 280 2960 ex
310 2913 404 2958 causa
427 2892 572 2956 dirutum
595 2893 637 2955 011
659 2889 857 2970 aedificium,
882 2897 999 2978 poterit
1020 2899 1171 2962 materiae
1202 2898 1371 2974 dominus,
1395 2902 1419 2962 01

240 3019 302 3064 000
332 3000 428 3062 fuerit
460 2981 595 3080 duplum
625 2998 690 3059 iam
721 3003 921 3084 persecutus,
947 3004 1022 3064 tuuc
1045 3021 1116 3065 eam
1139 3003 1299 3068 vindicare
1324 3010 1358 3068 01
1382 3003 1418 3068 ad

241 3103 454 3170 exhibendum
478 3122 581 3188 agere.
628 3101 678 3164 Ex
701 3101 825 3168 divorso
849 3106 877 3167 01
900 3107 971 3188 quis
993 3107 1027 3168 in
1051 3105 1153 3173 alieno
1177 3108 1243 3173 solo
1267 3130 1325 3173 sua
1350 3127 1442 3174 masc

240 3212 321 3274 teria
344 3208 475 3272 domum
500 3205 726 3280 aedificaverit.
746 3208 836 3274 illins
859 3209 895 3274 fit
918 3211 1048 3289 domus,
1070 3215 1161 3276 00100
1182 3219 1214 3278 01
1233 3213 1340 3278 solum
1364 3221 1417 3280 est.

241 3315 295 3380 sed
317 3315 377 3378 hoc
402 3334 474 3378 casu
497 3315 649 3378 materiae
672 3313 820 3378 dominus
843 3319 1069 3401 proprietatem
1093 3320 1162 3383 eius
1182 3314 1323 3404 amittit,
1346 3323 1418 3406 quia

234 3421 406 3488 ,uoluntate
435 3421 503 3484 eius
526 3417 661 3483 alienata
678 3415 898 3506 intellegitur,
924 3423 1036 3506 utique
1061 3425 1088 3487 si
1111 3444 1173 3488 non
1197 3427 1369 3511 ignorabat
1389 3429 1419 3490 in

242 3527 344 3592 alieno
375 3525 441 3589 0010
469 3545 501 3588 00
526 3521 705 3588 aedificare:
731 3529 762 3588 et
785 3525 876 3602 ideo,
901 3526 977 3590 licet
1001 3527 1106 3592 diruta
1129 3530 1172 3592 011
1196 3530 1328 3609 domus,
1355 3534 1421 3596 vin·

143 3703 148 3708 ,
243 3633 346 3698 dicare
377 3633 547 3694 materiam
575 3649 637 3693 non
660 3631 771 3713 possit.
818 3636 903 3695 certe
925 3631 1008 3695 illud
1032 3638 1171 3708 constat.
1196 3637 1224 3699 si
1246 3638 1281 3699 10
1304 3657 1420 3722 posses

243 3740 330 3804 sione
349 3738 520 3800 constituto
538 3731 735 3819 aedificatore
753 3735 813 3807 soli
834 3735 981 3801 dominus
1001 3743 1088 3822 petat
1108 3739 1238 3804 domurn
1252 3760 1345 3806 suam
1360 3763 1422 3808 esse

215 3889 217 3893 -
241 3865 298 3908 nec
322 3841 425 3906 solvat
447 3841 588 3922 pretium
611 3841 763 3904 materiae
787 3843 820 3904 01
842 3843 1003 3906 mercedes
1026 3843 1205 3923 fabrorum,
1230 3867 1321 3931 posse
1345 3869 1418 3912 eum

239 3970 296 4036 per
318 3947 534 4030 exceptionem
559 3939 622 4007 doli
647 3943 727 4008 mali
749 3945 878 4030 repelli,
902 3949 1015 4032 utique
1023 3951 1067 4032 ,si
1089 3951 1188 4016 bonae
1212 3950 1287 4017 fidei
1306 3974 1422 4038 posses·

241 4076 293 4123 sor
315 4053 377 4118 fuit
401 4054 456 4136 qui
480 4045 689 4114 aedificasset:
714 4069 791 4114 nam
813 4051 926 4115 scienti
946 4053 1087 4120 alienum
1107 4077 1173 4122 0000
1192 4057 1298 4124 solum
1321 4064 1423 4144 potest
