2916 4604
529 73 1010 166 mummwffl

723 299 859 364 XXIIII.

274 474 324 532 DII
346 471 521 531 SINGULIS
541 471 661 530 RIIBUS
675 470 754 528 PER
774 466 1102 528 FIDEIGOMMISSUM
1122 465 1306 524 RELIOTIS.

242 634 369 704 Potest
394 645 511 703 autem
537 634 616 730 quis
642 633 747 702 etiam
774 628 933 728 singulas
958 653 1016 696 res
1041 653 1105 724 per
1125 624 1382 695 fideicommis-

195 773 272 817 sum
298 747 518 844 relinquere,
545 745 650 816 veluti
676 743 824 813 limdum
846 740 1025 810 huminem
1045 749 1177 810 vestem
1195 743 1380 836 argentum

194 860 379 957 peeuniam
417 868 658 944 numeratam,
692 868 728 927 et
755 853 813 927 vel
840 857 953 952 ipsum
980 851 1147 923 heredem
1173 876 1321 948 regare,
1346 859 1381 919 ut

195 972 302 1044 alicui
326 974 501 1060 restituat,
530 971 586 1041 vel
611 971 842 1070 legatarium,
861 968 1021 1065 quamvis
1040 993 1060 1036 a
1078 965 1251 1064 legatario
1269 963 1379 1060 legari

197 1111 268 1156 non
291 1088 412 1183 possit.
462 1085 589 1155 Potest
613 1095 730 1154 autem
755 1109 829 1153 nen
847 1082 960 1153 solum
980 1080 1140 1178 proprias
1158 1088 1307 1152 testator
1326 1101 1400 1145 resr

195 1223 258 1294 per
287 1198 599 1270 fideicommissum
623 1194 847 1294 relinquere,
874 1194 938 1266 sed
964 1206 999 1266 et
1023 1192 1164 1265 heredis
1189 1202 1250 1262 ant
1272 1191 1384 1287 lega-

197 1312 276 1382 tarii
312 1323 371 1383 aut
402 1309 723 1384 fideicommissarii
755 1319 815 1379 aut
844 1307 1032 1381 cuiuslibet
1056 1306 1211 1378 alteriue
1265 1305 1383 1400 itaque

197 1433 232 1493 et
264 1423 455 1523 legatarius
488 1434 523 1495 et
554 1423 901 1495 lideieemmissarius
934 1448 1007 1492 nen
1041 1421 1156 1492 selum
1191 1417 1234 1489 de
1269 1445 1311 1489 ea
1346 1443 1382 1486 re

195 1538 315 1635 rogari
342 1548 479 1635 petest,
506 1548 545 1608 ut
570 1563 647 1608 eam
673 1536 778 1607 alieni
803 1536 982 1628 restituat,
1007 1560 1097 1631 quae
1124 1535 1156 1604 ei
1173 1531 1297 1604 relicta
1318 1532 1382 1622 sit,

197 1648 260 1722 sed
289 1652 392 1723 etiam
419 1650 463 1722 de
489 1650 580 1736 alia,
606 1651 681 1720 sive
706 1650 815 1747 ipsius
840 1651 913 1720 sire
941 1647 1055 1719 aliena
1077 1649 1133 1720 sit.
1172 1646 1241 1718 hec
1267 1643 1383 1716 solum

197 1763 455 1836 observandum
483 1774 557 1852 est,
584 1789 629 1835 ne
655 1761 734 1860 plus
759 1763 946 1860 qnisquam
971 1773 1115 1860 regetur
1139 1761 1246 1831 alicui
1267 1759 1384 1829 resti-

197 1887 319 1967 tuere,
354 1905 459 1976 quam
486 1879 560 1973 ipse
587 1902 630 1946 ex
653 1886 863 1946 testamento
890 1877 1043 1972 ceperit:
1070 1903 1150 1946 nam
1175 1872 1272 1972 qued
1298 1899 1386 1941 am-

197 1990 290 2085 plius
315 2000 387 2084 est,
409 1989 579 2061 inutiliter
604 1989 824 2086 relinquitur.
863 2014 943 2058 enm
969 2000 1085 2059 autem
1110 1989 1222 2061 aliena
1244 2013 1302 2057 res
1321 2011 1385 2082 per

197 2101 508 2175 fideicommissum
535 2103 762 2200 relinquitur,
790 2127 935 2172 neeesse
957 2113 1011 2172 est
1031 2105 1063 2172 ei
1085 2103 1146 2200 qui
1166 2111 1313 2199 rugatus
1332 2109 1387 2169 est

200 2224 260 2286 aut
290 2217 402 2313 ipsam
432 2215 605 2287 redimere
640 2226 674 2285 et
707 2225 886 2312 praestare
919 2225 980 2285 aut
1004 2216 1281 2286 aestimationem
1311 2215 1386 2284 eius

200 2327 349 2400 solvere.
398 2328 566 2400 Libertas
592 2354 731 2426 queque
756 2354 859 2398 servo
885 2354 948 2424 per
972 2326 1283 2401 fideicommissum
1309 2325 1410 2398 daria

198 2451 329 2537 potest,
362 2452 402 2512 ut
433 2441 537 2513 heres
565 2468 644 2512 eum
670 2455 815 2538 regetur
841 2443 1085 2512 manumittere
1111 2443 1168 2513 vel
1192 2441 1388 2539 legatarius

198 2555 251 2621 vel
284 2555 605 2622 fideicommIssarius.
658 2581 721 2624 nee
761 2556 923 2647 interest,
962 2565 1079 2626 utrum
1112 2556 1157 2627 de
1194 2581 1258 2627 sue
1294 2581 1390 2650 pre-

199 2667 276 2763 prie
303 2693 405 2739 serve
429 2678 578 2738 testator
603 2678 720 2766 roget,
746 2694 792 2737 an
818 2667 862 2738 de
884 2694 927 2738 eo
953 2671 1014 2765 qui
1039 2671 1148 2766 ipsius
1166 2667 1310 2739 heredis
1329 2677 1391 2738 aut

195 2780 358 2878 legatarii
398 2779 454 2851 vel
493 2781 598 2850 etiam
632 2781 788 2850 extranei
827 2783 883 2852 sit
936 2782 1053 2879 itaque
1091 2781 1227 2854 alienus
1265 2808 1391 2853 servus

199 2890 325 2963 redimi
361 2904 397 2964 et
429 2893 628 2982 manumitti
663 2889 787 2964 debet:
823 2894 920 2992 quod
950 2896 979 2966 si
1013 2895 1178 2967 deminus
1205 2923 1283 2967 eum
1313 2923 1387 2965 nen

199 3005 349 3099 vendat,
373 3009 400 3072 si
425 3007 523 3072 ¹modo
553 3008 635 3073 nihil
666 3029 705 3072 ex
735 3010 853 3098 indicio
878 3014 946 3076 eius
969 3014 1024 3100 qui
1048 3012 1178 3098 reliquit
1200 3011 1388 3076 libertatem

200 3124 357 3207 percepit,
390 3143 452 3188 non
484 3124 596 3188 statim
619 3126 819 3210 extinguitur
840 3122 1130 3189 fideicommissaria
1152 3124 1305 3200 libertas,
1332 3125 1388 3189 aed

199 3226 359 3304 differtur,
396 3231 471 3313 qnia
504 3231 604 3313 possit
631 3234 773 3314 tempore
801 3231 1004 3314 procedente,
1036 3231 1230 3316 ubicumque
1262 3232 1388 3295 oceano

200 3332 379 3398 redimendi
403 3337 486 3401 servi
508 3334 620 3418 fuerit,
644 3338 796 3420 praestari
818 3335 958 3402 litertae.
996 3336 1057 3433 qui
1078 3346 1194 3405 antem
1217 3361 1390 3406 excausa

199 3443 466 3517 fideicommissi
505 3448 779 3534 manumittitur,
819 3473 892 3519 non
929 3450 1108 3519 testatoris
1143 3444 1185 3518 lit
1217 3447 1389 3532 libertus,

197 3560 334 3630 etiamsi
369 3562 548 3631 testatoris
579 3587 701 3631 servus
727 3561 792 3648 sit,
818 3560 881 3632 sed
907 3563 981 3632 eius
1004 3564 1065 3659 qui
1091 3562 1326 3634 manumitfit:
1351 3576 1390 3632 at

202 3675 251 3763 is,
279 3672 339 3774 qui
367 3671 503 3748 directo
530 3684 741 3748 testamento
766 3672 858 3748 liber
885 3702 961 3749 esse
987 3674 1147 3764 iubetur,
1174 3677 1285 3774 ipsius
1315 3687 1389 3747 tes·
