2880 4614
193 21 260 89 280
370 39 454 90 insu.
479 21 536 88 111.
560 39 650 88 arn.
677 23 713 108 ξς
737 21 834 87 4-6.
859 39 937 87 xxv.
961 43 1006 108 pr.
1033 23 1069 108 ξς
1084 23 1120 103 1,
1145 23 1178 89 2.

188 237 231 283 ex
257 237 342 283 auro
368 238 432 283 suo
459 212 547 282 certi
571 210 739 307 ponderis
765 221 951 310 certaeque
973 211 1107 282 formae
1127 209 1252 282 anulos
1270 213 1300 283 ei
1316 213 1360 282 l‘a-

188 335 284 396 ceret
313 336 348 395 et
372 327 550 421 acciperet
573 322 674 395 verbi
699 326 813 421 gratia
839 351 964 395 aureos
988 323 1132 410 decem,
1159 335 1360 396 stramem

187 439 260 534 ptio
280 447 315 510 et
333 435 489 509 venditio
509 434 670 508 contrahi
689 437 871 524 videatur,
890 464 935 507 an
955 437 1084 508 locatio
1103 448 1138 508 et
1151 438 1360 510 conductio?

136 560 143 574 ⁴
189 549 335 622 Cassius
369 553 418 621 ait
452 551 620 622 materiae
652 547 795 647 quidem
822 551 1034 647 emptionem
1061 550 1362 650 venditioncmque

190 661 371 757 contrahi,
396 689 523 762 operae
550 674 666 733 autem
691 662 904 734 locationem
932 673 967 734 et
992 663 1279 737 conductionem.
1309 665 1362 736 scd

188 777 323 874 placuit
344 788 477 848 tantum
501 779 714 873 emptionem
734 787 769 846 et
789 775 1028 848 venditionem
1042 776 1215 849 contrahi.
1243 778 1361 876 quodsi

189 913 289 962 suum
323 917 445 962 aurum
480 889 598 961 Titius
632 889 769 960 dederit
800 889 964 961 mercede
998 917 1063 987 pro
1098 917 1204 986 opera
1236 895 1362 962 consti·

187 1014 280 1088 tuta,
308 1004 442 1070 dubium
465 1009 616 1088 nonest,
643 1003 728 1100 quin
753 1001 884 1074 locatio
910 1013 946 1073 et
970 1003 1160 1075 conductio
1186 1005 1242 1075 sit.

236 1115 415 1184 Oonduotor
445 1120 553 1188 omnia
583 1118 757 1183 seeundum
786 1116 890 1203 legem
913 1119 1130 1184 conductionis
1152 1119 1254 1185 iacere
1277 1121 1379 1186 debete

190 1230 240 1308 et,
266 1225 293 1289 si
317 1226 393 1311 quid
415 1227 449 1288 iu
471 1225 543 1311 lege
566 1226 826 1310 praetermissum
850 1225 965 1298 fuerit,
989 1225 1023 1290 id
1047 1246 1087 1290 ex
1109 1225 1190 1290 bono
1216 1231 1248 1290 et
1272 1247 1362 1311 aequo

190 1330 283 1396 debet
313 1336 481 1416 praestaro.
528 1333 582 1414 qui
611 1350 668 1414 pro
699 1351 761 1395 usu
791 1335 847 1396 aut
878 1333 1143 1398 vestimentorum
1167 1339 1224 1397 aut
1247 1334 1363 1419 argenti

190 1441 246 1502 aut
276 1439 415 1502 iumenti
446 1436 705 1502 mercedem'aut
728 1436 816 1501 dedit
838 1439 894 1502 aut
917 1439 1078 1522 promisit,
1104 1439 1143 1502 ab
1168 1459 1205 1504 eo
1228 1439 1364 1503 custodia

187 1541 262 1606 talis
297 1542 510 1620 desideratur,
547 1540 673 1626 qualem
710 1541 976 1629 diligentissimus
1007 1548 1095 1628 pater
1130 1544 1270 1610 familias
1305 1547 1364 1609 suis

189 1648 283 1711 rebus
313 1647 454 1713 adhibet.
503 1668 598 1732 quam
626 1649 654 1712 si
684 1650 878 1733 praestiterit
909 1654 941 1713 et
971 1648 1078 1734 aliquo
1101 1671 1176 1716 casu
1198 1672 1269 1715 rem
1293 1653 1364 1714 ami·

189 1755 285 1830 serit,
310 1753 348 1817 de
371 1753 566 1818 restituenda
586 1774 623 1817 ea
642 1773 704 1818 non
724 1753 892 1818 tenebitur.
929 1753 1059 1820 Mortuo
1078 1757 1269 1822 conductore
1287 1759 1381 1820 intras

189 1863 333 1942 tempora
363 1859 581 1925 conductionis
612 1859 702 1926 hores
732 1861 800 1927 eius
831 1860 943 1925 eodem
973 1863 1042 1926 iure
1072 1863 1106 1926 in
1129 1862 1365 1928 conductionem

189 1964 338 2031 succedit.

731 2120 834 2188 XXV.

635 2261 686 2320 Du
708 2259 925 2322 scomma.

237 2393 451 2467 Societatem
486 2394 581 2466 coire
611 2393 762 2463 solemus
788 2401 848 2463 aut
871 2401 1025 2486 totorum
1050 2391 1248 2488 bonorum,
1266 2418 1363 2492 quam

186 2506 317 2580 Graeci
352 2507 552 2606 specialiter
585 2505 796 2589 κοινοπραξίαιν
820 2506 1022 2603 appellant,
1047 2516 1108 2577 aut
1131 2508 1235 2578 unius
1261 2507 1365 2580 alicu·

187 2621 242 2693 ius
267 2622 539 2719 negotiationis,
565 2622 674 2694 veluti
695 2620 951 2717 mancipiorum
971 2619 1201 2692 emendorum
1220 2619 1365 2693 venden-

184 2733 400 2831 dorumqne,
433 2741 489 2802 aut
520 2737 581 2802 olei
612 2734 681 2804 vini
711 2735 868 2800 frumenti·
896 2735 1021 2800 emendi
1053 2724 1280 2820 vendendique.
1325 2735 1378 2799 uti

189 2848 318 2934 quidem
342 2849 370 2913 si
392 2849 474 2914 nihil
498 2851 536 2915 de
559 2850 703 2936 partibus
725 2849 808 2914 lueri
831 2854 863 2915 et
886 2849 996 2915 damni
1009 2849 1201 2915 nominatim
1219 2869 1362 2916 convene·

188 2955 245 3032 rit,
272 2953 417 3039 aequales
440 2955 560 3022 seilicet
581 2960 687 3040 partes
711 2956 798 3020 etin
821 2954 909 3020 luero
932 2955 1019 3019 etin
1041 2956 1360 3041 damnospeotantur.

189 3061 322 3145 quodsi
346 3081 508 3146 expressae
532 3061 650 3128 fuerint
672 3071 794 3148 partes,
820 3063 880 3128 hee
904 3063 1023 3128 servari
1045 3062 1176 3128 debent:
1203 3083 1260 3127 neo
1283 3062 1360 3127 enim

187 3187 342 3251 umquam
374 3168 508 3233 dubium
539 3169 622 3246 fuit,
656 3171 733 3254 quin
756 3168 862 3234 valeat
885 3168 1067 3245 conventio,
1092 3170 1120 3233 si
1144 3168 1208 3233 duo
1230 3168 1312 3232 inter
1333 3187 1359 3231 se

187 3274 274 3358 pacti
296 3279 388 3352 sunt,
412 3279 448 3338 ut
472 3275 512 3339 ad
534 3296 636 3340 unum
660 3275 789 3360 quidem
813 3275 893 3340 duee
915 3280 1021 3360 partes
1045 3279 1077 3339 et
1100 3274 1211 3340 damni
1233 3278 1266 3339 et
1287 3273 1359 3338 lucri

184 3379 377 3463 pertineant,
403 3381 441 3444 ad
465 3369 567 3444 alium
590 3381 694 3445 tertia.
734 3379 788 3448 De
814 3378 876 3449 illa
901 3404 985 3450 sane
1008 3379 1243 3450 conventione
1262 3403 1378 3477 quae-s

183 3491 287 3560 situm
320 3501 396 3580 est,
432 3492 461 3562 si
494 3490 611 3561 Titius
644 3502 678 3561 et
704 3489 807 3564 Seius
832 3494 925 3563 inter
951 3519 988 3563 sc
1013 3493 1108 3590 pacti
1134 3503 1234 3578 sunt,
1262 3503 1300 3562 nt
1322 3489 1360 3562 ad

182 3603 316 3673 Titium
350 3603 440 3674 lucri
477 3605 566 3676 duae
600 3617 718 3702 partes
750 3607 968 3702 pertineant,
1004 3606 1125 3676 damni
1163 3607 1287 3700 tertia,
1321 3604 1358 3675 ad
1406 3665 1408 3668 .

185 3711 306 3788 Seium
344 3716 434 3800 duae
471 3731 588 3816 partes
626 3718 763 3811 damni,
801 3719 891 3789 lucri
928 3719 1051 3812 tertia,
1084 3745 1130 3788 an
1164 3730 1239 3789 rata
1266 3719 1360 3790 debet

183 3828 306 3900 haberi
332 3829 540 3902 conventio?
565 3832 719 3924 Quintus
744 3831 886 3902 Mucius
911 3842 1034 3902 contra
1060 3842 1221 3903 naturam
1246 3834 1359 3904 socie-

182 3945 264 4012 tatis
298 3942 402 4018 talem
429 3947 628 4041 pactionem
656 3969 733 4040 esse
760 3944 972 4015 existimavit
997 3955 1032 4016 et
1057 3941 1103 4016 ob
1127 3946 1166 4018 id
1192 3972 1268 4016 non
1292 3972 1358 4017 esse

182 4063 294 4125 ratam
313 4045 522 4126 habendam.
562 4055 707 4129 Servius
726 4055 927 4158 Sulpicius,
947 4061 1047 4135 cinus
1065 4061 1240 4136 sententia
1258 4086 1360 4162 prae-
