2964 4596
232 50 275 116 28
631 51 768 116 moult.
793 69 815 114 r.
839 52 875 136 ἓξ
888 49 1032 116 16-24.

234 263 271 307 ea
294 239 447 306 animalia
470 240 602 315 retinet,
629 239 752 302 turtum
776 242 976 304 committere
998 239 1210 327 intellegitur.
1245 239 1329 305 Item
1351 262 1432 318 ea,u

230 367 309 432 quae
340 367 380 410 ex
407 345 553 409 hostibus
584 345 744 427 capimus,
776 345 846 407 iure
869 348 1018 431 gentium
1042 348 1154 410 statim
1176 351 1285 410 nostra
1306 343 1402 410 fiunt:

228 452 305 517 adeo
332 451 480 535 quidem,
507 454 594 513 utet
615 449 709 513 liberi
728 449 874 513 homines
891 452 926 513 in
944 453 1133 515 servitutem
1152 456 1293 516 nostram
1313 451 1418 516 dedu·'

225 564 354 632 eantur,
381 558 437 640 qui
460 561 584 632 tamen,
610 556 639 617 si
663 556 820 618 evaserint
842 561 984 619 nostram
1007 561 1197 641 potestatem
1221 562 1254 620 et
1277 557 1317 620 ad
1337 577 1404 622 suos

227 665 345 727 reversi
368 662 503 737 fuerint,
528 662 701 744 pristinum
724 665 846 723 statum
870 664 1037 745 recipiunt.
1081 661 1164 728 Item
1187 661 1294 746 lapilli
1316 683 1401 748 gem·
1411 682 1432 726 ra

227 788 300 833 mae
324 773 355 832 et
379 772 497 842 cetera,
523 787 603 851 quae
626 768 661 829 in
684 764 777 830 litore
799 769 1024 846 inveniuntur,
1049 771 1118 832 iure
1138 767 1279 832 naturali
1298 769 1404 830 statim

224 876 401 938 inventoris
420 871 511 936 fiunt.
546 871 629 936 Item
641 892 702 952 ea,
724 892 803 955 quae
823 891 863 936 ex
884 873 1076 949 animalibus
1096 874 1237 937 dominio
1256 878 1314 936 tuo
1333 873 1432 936 suta

227 979 319 1043 iestis
341 985 416 1043 nata
440 983 530 1054 sunt,
555 977 664 1042 eodem
688 979 758 1040 iure
781 977 842 1041 tibi
867 978 1088 1062 adquiruntur.

271 1084 438 1150 Praeterea
475 1084 559 1168 quod
594 1104 650 1166 per
685 1081 879 1147 alluvionem
915 1104 991 1170 agro
1026 1091 1082 1150 tuo
1116 1084 1235 1149 flumen
1272 1085 1433 1157 adieritis

221 1191 296 1253 iure
326 1193 473 1276 gentium
505 1191 565 1254 tibi
593 1190 781 1273 adquiritur.
829 1195 876 1253 est
900 1195 1008 1255 autem
1033 1191 1154 1256 alluvio
1174 1193 1406 1255 incrementum

225 1294 336 1358 latens.
384 1317 440 1381 per
471 1295 665 1360 alluvionem
690 1300 799 1359 autem
823 1295 857 1358 id
880 1296 1008 1360 videtur
1032 1296 1129 1374 adici,
1158 1297 1241 1381 quod
1263 1299 1311 1360 ita
1333 1316 1406 1380 pau·

224 1399 318 1463 latim
338 1401 488 1478 adicitur,
513 1407 550 1465 ut
573 1399 760 1486 intellegere
784 1421 847 1464 non
871 1403 987 1485 possis,
1011 1407 1168 1486 quantum
1191 1420 1318 1485 quoquo
1342 1419 1407 1464 mo-

223 1511 331 1570 mento
355 1510 506 1592 temporis
529 1506 693 1570 adiciatur.
731 1503 850 1584 Quodsi
874 1509 925 1571 vis
948 1506 1090 1571 fluminis
1113 1513 1237 1592 partem
1261 1507 1432 1590 aliquamar

225 1631 263 1675 ex
286 1618 342 1676 tuo
366 1613 494 1696 praedio
518 1612 692 1676 detraxerit
715 1615 747 1674 et
766 1612 867 1675 vieini
882 1613 1010 1695 praedio
1032 1611 1208 1697 appulerit,
1229 1611 1338 1698 palam
1363 1614 1407 1675 est

224 1738 295 1782 eam
325 1724 414 1783 tuam
446 1738 639 1803 permanere.
687 1715 780 1800 plane
803 1719 831 1780 si
852 1716 996 1803 longiore
1020 1723 1161 1803 tempore
1182 1715 1282 1782 'fundo
1307 1717 1406 1783 vioini

224 1823 360 1887 haeserit
390 1825 592 1907 arboresque,
627 1843 704 1907 quas
736 1841 843 1886 seeum
869 1825 1019 1907 traxerit,
1043 1826 1077 1886 in
1101 1845 1175 1888 eum
1198 1824 1339 1887 tondum
1362 1843 1407 1886 ra·

219 1926 308 1993 diaes
340 1933 482 2016 egerint,
517 1950 557 1993 ex
583 1948 619 1992 eo
643 1934 786 2012 tempore
810 1927 961 1991 videntur
983 1931 1082 1992 vieini
1105 1929 1204 1993 fundo
1227 1930 1405 2013 adquisitae

223 2053 300 2097 esse.
347 2033 469 2110 Insula,
496 2035 631 2119 quaein
655 2036 737 2097 mari
759 2037 835 2097 nata
858 2039 928 2117 est,
954 2035 1037 2118 quod
1060 2055 1130 2098 raro
1154 2035 1287 2110 aoeidit,
1314 2053 1433 2098 occu-e

223 2141 327 2222 pautis
362 2138 416 2217 fit,
450 2140 572 2204 nullius
606 2141 693 2204 enim
729 2159 794 2202 esse
827 2139 975 2203 ereditur.
1023 2145 1056 2205 at
1085 2143 1120 2203 in
1150 2140 1283 2204 flumine
1315 2145 1408 2221 nata,

224 2246 307 2328 quod
342 2246 519 2330 frequenter
554 2241 684 2321 aeeidit',
721 2247 749 2308 si
780 2244 910 2328 quidem
937 2245 1077 2310 mediam
1107 2251 1231 2330 partem
1262 2246 1407 2310 fluminis

223 2355 343 2428 teneat,
376 2354 556 2416 eommunis
588 2355 636 2416 est
667 2370 794 2426 eorum,
827 2353 883 2434 qui
915 2351 953 2414 ab
985 2357 1120 2435 utraque
1149 2358 1238 2436 parte
1261 2351 1408 2415 fluminis
1462 2349 1463 2366 ¹

218 2477 316 2542 prope
347 2459 451 2543 ripam
481 2458 609 2542 praedia
643 2457 819 2541 possident,
850 2477 907 2540 pro
930 2457 1026 2522 modo
1048 2457 1229 2522 latitudinis
1253 2459 1408 2541 cuiusque

222 2563 327 2639 fundi,
363 2585 442 2648 quae
472 2563 610 2628 latitudo
633 2583 729 2647 prope
753 2565 857 2646 ripam
881 2564 933 2625 sit.
981 2563 1093 2646 quodsi
1116 2563 1208 2627 alteri
1231 2564 1319 2648 parti
1340 2580 1408 2646 pro

221 2670 340 2733 ximior
369 2673 427 2746 sit,
461 2674 653 2779 eorumffst
684 2673 827 2743 tantum,
862 2670 918 2751 qui
949 2668 988 2731 ab
1012 2689 1048 2732 ea
1070 2673 1159 2753 parte
1182 2689 1280 2753 prope
1303 2671 1409 2751 ripam

222 2775 350 2859 praedia
372 2774 551 2859 possident·
592 2772 705 2856 quodsi
729 2772 836 2856 aliqua
859 2777 948 2856 parte
972 2773 1113 2839 divisum
1134 2774 1271 2850 flumen,
1295 2772 1408 2837 deinde

220 2880 305 2944 infra
327 2883 454 2943 unitum
476 2899 592 2966 agrum
613 2877 749 2942 alieuius
771 2879 806 2940 in
829 2876 966 2943 formam
986 2879 1108 2943 insulae
1128 2879 1303 2966 redegerit,
1328 2880 1409 2942 eiua·
1460 2947 1461 2960 ξ

220 2985 294 3050 dem
323 2990 487 3069 permanet
511 2988 538 3048 is
561 3004 651 3070 ager,
677 2985 768 3047 ouius
792 2990 824 3048 et
846 2984 957 3048 fuerat.
1007 2983 1126 3064 Quodsi
1148 2985 1288 3050 naturali
1312 2984 1434 3050 alveon

223 3093 257 3154 in
286 3093 473 3155 universum
498 3089 647 3155 derelicto
672 3088 735 3153 alia
758 3094 847 3172 parte
870 3089 966 3154 fluere
990 3093 1141 3175 eoeperit,
1166 3094 1253 3175 prior
1277 3091 1408 3176 quidem

218 3196 331 3262 alveus
356 3217 464 3261 eorum
489 3204 553 3271 est,
579 3198 634 3279 qui
657 3214 753 3279 prope
776 3197 879 3278 ripam
899 3197 968 3259 eius
991 3197 1119 3280 praedia
1142 3199 1323 3282 possident,
1354 3215 1407 3281 pm
1459 3265 1460 3278 q

223 3304 318 3368 modo
336 3303 457 3368 scilieet
475 3302 657 3367 latitudinis
674 3303 826 3385 cuiusque
847 3305 936 3388 agri,
951 3323 1031 3387 quae
1043 3302 1180 3368 latitudo
1192 3323 1290 3388 prope
1302 3305 1408 3387 ripam

222 3410 281 3492 sit,
305 3428 407 3473 novus
432 3416 539 3474 autem
564 3408 674 3474 alveus
698 3410 766 3472 eius
788 3410 868 3472 iuris
891 3429 957 3473 esee
981 3409 1112 3492 inoipit.
1133 3411 1225 3480 euius
1245 3415 1278 3473 et
1298 3412 1407 3494 ipsum

217 3513 354 3591 flumen,
385 3514 495 3580 idest
525 3514 683 3600 publicus.
732 3514 844 3598 quodsi
867 3519 938 3598 post
962 3513 1089 3598 aliquod
1110 3519 1239 3598 tempus
1264 3515 1304 3579 ad
1325 3515 1407 3599 prio
1458 3595 1459 3602 ἵ

119 3617 121 3622 ’
221 3639 289 3683 rem
309 3618 437 3684 alveum
459 3641 621 3685 reversum
643 3619 740 3683 tuerit
759 3618 895 3696 flumen,
914 3641 1022 3683 rursus
1042 3639 1143 3684 novus
1162 3618 1274 3686 alveus
1294 3641 1406 3686 eorum

218 3745 287 3790 esse
308 3728 438 3810 incipit,
462 3730 517 3810 qui
540 3747 635 3812 prope
658 3727 762 3809 ripam
787 3727 855 3789 eius
878 3724 1006 3808 praedia
1025 3725 1195 3808 possident.
1232 3726 1309 3790 Alia
1331 3745 1434 3790 sanent

225 3851 317 3896 eausa
349 3837 412 3907 est,
445 3835 472 3897 si
506 3835 596 3897 ouius
627 3836 713 3896 totus
746 3851 822 3917 ager
844 3831 1017 3894 inundatus
1039 3830 1146 3895 fuerit.
1193 3853 1295 3915 neque
1321 3834 1408 3896 enim
1457 3913 1458 3916 Ἴ

222 3937 389 4002 inundatio
413 3940 550 4023 speeiem
574 3936 666 4000 fundi
689 3941 868 4001 commutat
891 3942 922 4000 et
946 3936 985 4036 ⁰b.
1008 3936 1059 4019 id,
1078 3938 1106 4000 si
1125 3939 1290 4002 recesserit
1309 3958 1406 4023 aqua,

224 4041 330 4126 palam
354 4049 402 4107 est
425 4065 499 4108 eum
523 4043 660 4107 fundum
683 4044 751 4106 eius
773 4063 918 4119 manere,
944 4043 1035 4106 ouius
1058 4045 1090 4106 et
1112 4041 1186 4108 fuit.
