2934 4608
182 65 249 132 100
439 149 446 174 N
561 79 645 132 msc.
668 66 710 132 11.
734 83 803 132 m.
827 67 915 152 551,
940 65 972 131 2.

177 251 391 326 dividantur.
442 278 508 349 pro
533 252 602 325 hoc
628 263 747 324 tamen
775 252 1002 325 incommodo
1027 251 1116 323 illud
1142 253 1175 323 ei
1197 277 1363 324 commo·
1460 261 1461 302 l

183 366 266 437 dum
292 375 510 463 praestatur,
536 377 575 438 ut
600 392 657 461 ea,
679 393 769 465 quae
786 377 867 464 post
887 374 1037 436 mortem
1059 365 1198 462 patroni
1219 366 1272 436 sui
1294 364 1363 436 sibi

182 479 408 576 adquisierit,
446 480 514 576 ipsi
551 489 790 551 reserventur:
824 489 859 550 et
890 479 1050 576 quamvis
1082 504 1153 549 non
1189 477 1365 549 sufficiant
1460 521 1461 574 p

181 591 277 663 bona
304 590 464 663 defuncti
491 589 740 683 creditoribus,
772 595 898 664 iterum
924 617 967 662 ex
993 617 1033 662 ea
1060 617 1163 662 eausa
1187 615 1243 662 res
1265 593 1366 679 eius,

182 731 271 803 quas
297 704 364 776 sihi
394 702 617 803 adquisierit,
641 730 714 775 non
738 715 903 777 veneunt.
951 703 1015 776 sui
1039 715 1155 775 autem
1182 714 1217 775 et
1242 730 1396 775 neces-a

182 818 264 889 sarii
298 815 448 888 heredes
482 826 564 888 sunt
595 817 702 888 veluti
737 815 831 889 lilius
862 815 936 888 lilia
970 842 1080 913 nepos
1114 817 1296 914 neptisqne
1326 843 1372 888 ex

178 930 254 1002 lilio
280 940 314 1001 et
338 928 506 1026 deinceps
531 931 662 1031 caeteri
685 929 811 1020 liberi,
838 931 898 1029 qui
921 929 1028 1005 modo
1048 930 1084 999 in
1106 940 1279 1026 potestate
1292 956 1373 1001 mo·

183 1043 308 1114 rientis
340 1041 482 1116 luerint.
534 1041 596 1112 sed
632 1053 672 1113 ut
699 1069 810 1142 nepos
844 1045 1001 1140 neptisve
1027 1043 1079 1113 sui
1104 1040 1251 1113 heredes
1276 1045 1377 1136 sint,

185 1183 258 1227 non
292 1153 420 1226 sufficit
455 1181 533 1226 eum
567 1180 687 1226 eamve
719 1157 756 1226 in
782 1166 956 1252 potestate
981 1157 1037 1227 avi
1062 1155 1185 1226 mortis
1209 1165 1376 1252 tempore

186 1267 314 1357 luisse,
341 1267 403 1339 sed
430 1294 517 1366 opus
543 1277 615 1359 est,
638 1279 677 1339 ut
696 1279 797 1366 pater
817 1270 892 1340 eius
912 1269 993 1340 vivo
1014 1278 1113 1365 patre
1137 1295 1200 1340 suo
1226 1267 1382 1339 desierit

188 1409 271 1452 suus
304 1380 408 1452 heres
442 1405 518 1452 esse
553 1390 614 1452 aut
647 1392 760 1452 morte
793 1383 1008 1479 interceptus
1034 1391 1094 1451 aut
1117 1381 1275 1480 qualibet
1297 1382 1380 1452 alia

185 1497 322 1566 ratione
363 1492 533 1564 liberatus
573 1505 766 1590 potestate:
810 1505 894 1565 tunc
932 1494 1025 1564 enim
1062 1520 1173 1591 nepos
1208 1496 1381 1592 neptisve

185 1608 221 1677 iu
255 1607 374 1678 locum
409 1607 519 1702 patris
553 1608 608 1676 sui
643 1607 813 1678 succedit.
863 1606 925 1679 sed
960 1608 1013 1677 sui
1043 1607 1186 1705 quidem
1218 1606 1382 1678 heredes

184 1720 266 1790 ideo
303 1715 541 1814 appellantur,
578 1719 659 1816 quia
694 1717 879 1791 domestici
914 1718 1064 1791 heredes
1102 1730 1185 1791 sunt
1217 1731 1252 1790 et
1284 1721 1380 1791 vivo

185 1857 327 1929 quoque
363 1841 463 1926 patre
496 1829 759 1928 quodammodo
792 1830 927 1903 domini
962 1834 1214 1904 existimantur.
1271 1833 1381 1904 unde

186 1946 308 2036 etiam,
333 1943 363 2013 si
386 1943 466 2040 quis
490 1943 675 2014 intestatus
699 1954 857 2016 mortuus
884 1947 951 2038 sit,
975 1947 1088 2042 prima
1115 1972 1220 2017 causa
1252 1957 1307 2016 est
1336 1948 1379 2016 in

188 2057 412 2127 successione
430 2054 634 2126 liberorum.
672 2059 863 2128 necessarii
884 2084 967 2129 vero
986 2057 1066 2130 ideo
1086 2057 1267 2153 dicuntur,
1285 2061 1379 2156 quia

190 2166 417 2256 omnimodo,
446 2169 519 2239 sive
547 2167 659 2240 velint
675 2171 749 2240 sive
768 2160 902 2258 nolint,
921 2182 992 2241 tam
1012 2171 1057 2242 ab
1077 2172 1242 2243 intestato
1261 2199 1379 2268 quam

189 2308 230 2352 ex
255 2291 464 2352 testamento
482 2279 631 2352 heredes
643 2280 742 2352 liunt.
769 2282 834 2362 ¹sed
847 2283 902 2355 his
915 2296 1056 2381 praetor
1067 2285 1239 2380 permittit
1251 2284 1382 2354 volen-

187 2395 283 2466 tibus
302 2393 479 2465 abstincre
500 2420 537 2464 se
557 2393 602 2464 ab
621 2393 832 2491 hereditate,
851 2400 1017 2494 utpotius
1029 2398 1185 2495 parentis
1199 2424 1307 2496 quam
1321 2398 1381 2494 ip-

184 2536 305 2581 sorum
329 2508 423 2580 bona
450 2507 611 2578 similiter
633 2534 653 2578 a
680 2507 915 2582 creditoribus
940 2509 1198 2608 possideantur.
