<?xml version="1.0" encoding="UTF-8"?>
<!DOCTYPE html PUBLIC "-//W3C//DTD XHTML 1.0 Transitional//EN"
    "http://www.w3.org/TR/xhtml1/DTD/xhtml1-transitional.dtd">
<html xmlns="http://www.w3.org/1999/xhtml" xml:lang="en" lang="en">
 <head>
  <title>
</title>
<meta http-equiv="Content-Type" content="text/html;charset=utf-8" />
  <meta name='ocr-system' content='tesseract 3.04.00' />
  <meta name='ocr-capabilities' content='ocr_page ocr_carea ocr_par ocr_line ocrx_word'/>
</head>
<body>
  <div class='ocr_page' id='page_1' title='image "./syntagmainstitu01studgoog_0531.png"; bbox 0 0 2890 4616; ppageno 0'>
   <div class='ocr_carea' id='block_1_1' title="bbox 552 65 1009 152">
    <p class='ocr_par' dir='ltr' id='par_1_1' title="bbox 552 65 1009 152">
     <span class='ocr_line' id='line_1_1' title="bbox 552 65 1009 152; baseline -0.002 -18"><span class='ocrx_word' id='word_1_1' title='bbox 552 86 636 134; x_wconf 73' lang='lat' dir='ltr'>maa.</span> <span class='ocrx_word' id='word_1_2' title='bbox 660 67 714 152; x_wconf 85' lang='lat' dir='ltr'>IV,</span> <span class='ocrx_word' id='word_1_3' title='bbox 740 83 783 152; x_wconf 85' lang='lat' dir='ltr'>v1,</span> <span class='ocrx_word' id='word_1_4' title='bbox 808 67 844 152; x_wconf 59' lang='grc' dir='ltr'>ξς</span> <span class='ocrx_word' id='word_1_5' title='bbox 867 65 1009 133; x_wconf 84' lang='grc'><strong>32-33.</strong></span> 
     </span>
    </p>
   </div>
   <div class='ocr_carea' id='block_1_2' title="bbox 166 2295 1416 3874">
    <p class='ocr_par' dir='ltr' id='par_1_2' title="bbox 166 2295 1416 2599">
     <span class='ocr_line' id='line_1_2' title="bbox 246 2295 1416 2388; baseline -0.001 -24"><span class='ocrx_word' id='word_1_6' title='bbox 246 2301 271 2380; x_wconf 79' lang='lat'>¹)</span> <span class='ocrx_word' id='word_1_7' title='bbox 298 2295 417 2366; x_wconf 76' lang='lat' dir='ltr'>Curare</span> <span class='ocrx_word' id='word_1_8' title='bbox 441 2305 550 2366; x_wconf 85' lang='lat' dir='ltr'>autam</span> <span class='ocrx_word' id='word_1_9' title='bbox 573 2301 667 2367; x_wconf 85' lang='lat' dir='ltr'>debet</span> <span class='ocrx_word' id='word_1_10' title='bbox 689 2301 805 2385; x_wconf 81' lang='lat' dir='ltr'>iudex,</span> <span class='ocrx_word' id='word_1_11' title='bbox 830 2305 867 2366; x_wconf 87' lang='lat' dir='ltr'>ut</span> <span class='ocrx_word' id='word_1_12' title='bbox 889 2300 1091 2377; x_wconf 85' lang='lat' dir='ltr'>omnimodo,</span> <span class='ocrx_word' id='word_1_13' title='bbox 1112 2305 1272 2388; x_wconf 87' lang='lat' dir='ltr'>quantum</span> <span class='ocrx_word' id='word_1_14' title='bbox 1293 2303 1416 2386; x_wconf 81' lang='lat' dir='ltr'>possi-a</span> 
     </span>
     <span class='ocr_line' id='line_1_3' title="bbox 166 2407 1385 2498; baseline -0.002 -27"><span class='ocrx_word' id='word_1_15' title='bbox 166 2493 168 2498; x_wconf 21' lang='grc' dir='ltr'>Ι</span> <span class='ocrx_word' id='word_1_16' title='bbox 200 2407 264 2473; x_wconf 81' lang='lat' dir='ltr'>bile</span> <span class='ocrx_word' id='word_1_17' title='bbox 296 2409 326 2472; x_wconf 81' lang='lat' dir='ltr'>ei</span> <span class='ocrx_word' id='word_1_18' title='bbox 359 2407 420 2490; x_wconf 83' lang='lat' dir='ltr'>ait,</span> <span class='ocrx_word' id='word_1_19' title='bbox 453 2413 556 2471; x_wconf 84' lang='lat' dir='ltr'>certae</span> <span class='ocrx_word' id='word_1_20' title='bbox 579 2409 732 2493; x_wconf 80' lang='lat' dir='ltr'>pecuniae</span> <span class='ocrx_word' id='word_1_21' title='bbox 754 2407 807 2473; x_wconf 86' lang='lat' dir='ltr'>vel</span> <span class='ocrx_word' id='word_1_22' title='bbox 829 2409 876 2471; x_wconf 86' lang='lat' dir='ltr'>rei</span> <span class='ocrx_word' id='word_1_23' title='bbox 900 2409 1091 2492; x_wconf 81' lang='lat' dir='ltr'>sententiam</span> <span class='ocrx_word' id='word_1_24' title='bbox 1115 2408 1214 2483; x_wconf 87' lang='lat' dir='ltr'>ferat,</span> <span class='ocrx_word' id='word_1_25' title='bbox 1240 2409 1342 2472; x_wconf 87' lang='lat' dir='ltr'>etiam</span> <span class='ocrx_word' id='word_1_26' title='bbox 1364 2408 1385 2470; x_wconf 83' lang='lat' dir='ltr'>si</span> 
     </span>
     <span class='ocr_line' id='line_1_4' title="bbox 200 2512 1006 2599; baseline 0.002 -23"><span class='ocrx_word' id='word_1_27' title='bbox 200 2512 238 2578; x_wconf 86' lang='lat' dir='ltr'>de</span> <span class='ocrx_word' id='word_1_28' title='bbox 263 2515 383 2578; x_wconf 79' lang='lat' dir='ltr'>incerta</span> <span class='ocrx_word' id='word_1_29' title='bbox 404 2514 582 2598; x_wconf 81' lang='lat' dir='ltr'>quantitate</span> <span class='ocrx_word' id='word_1_30' title='bbox 607 2514 693 2599; x_wconf 89' lang='lat' dir='ltr'>apud</span> <span class='ocrx_word' id='word_1_31' title='bbox 716 2534 789 2578; x_wconf 84' lang='lat' dir='ltr'>eum</span> <span class='ocrx_word' id='word_1_32' title='bbox 815 2519 923 2578; x_wconf 79' lang='lat' dir='ltr'>actum</span> <span class='ocrx_word' id='word_1_33' title='bbox 947 2518 1006 2578; x_wconf 84' lang='lat' dir='ltr'>est.</span> 
     </span>
    </p>

    <p class='ocr_par' dir='ltr' id='par_1_3' title="bbox 199 2599 1415 3874">
     <span class='ocr_line' id='line_1_5' title="bbox 247 2599 1415 2712; baseline 0.001 -31"><span class='ocrx_word' id='word_1_34' title='bbox 247 2599 281 2682; x_wconf 60' lang='lat' dir='ltr'>§i</span> <span class='ocrx_word' id='word_1_35' title='bbox 299 2611 376 2702; x_wconf 56' lang='lat' dir='ltr'>‘quis</span> <span class='ocrx_word' id='word_1_36' title='bbox 399 2614 552 2712; x_wconf 78' lang='lat' dir='ltr'>agentia</span> <span class='ocrx_word' id='word_1_37' title='bbox 574 2604 748 2685; x_wconf 74' lang='lat' dir='ltr'>inten&#39;tione</span> <span class='ocrx_word' id='word_1_38' title='bbox 771 2640 828 2684; x_wconf 85' lang='lat' dir='ltr'>sua</span> <span class='ocrx_word' id='word_1_39' title='bbox 851 2619 924 2706; x_wconf 81' lang='lat' dir='ltr'>plus</span> <span class='ocrx_word' id='word_1_40' title='bbox 950 2618 1138 2704; x_wconf 78' lang='lat' dir='ltr'>complexus</span> <span class='ocrx_word' id='word_1_41' title='bbox 1156 2619 1275 2702; x_wconf 73' lang='lat' dir='ltr'>filarit,</span> <span class='ocrx_word' id='word_1_42' title='bbox 1295 2640 1415 2705; x_wconf 80' lang='lat' dir='ltr'>quama</span> 
     </span>
     <span class='ocr_line' id='line_1_6' title="bbox 200 2693 1386 2808; baseline 0.003 -20"><span class='ocrx_word' id='word_1_43' title='bbox 200 2693 240 2788; x_wconf 87' lang='lat' dir='ltr'>ad</span> <span class='ocrx_word' id='word_1_44' title='bbox 271 2741 345 2788; x_wconf 84' lang='lat' dir='ltr'>eum</span> <span class='ocrx_word' id='word_1_45' title='bbox 369 2710 522 2808; x_wconf 73' lang='lat' dir='ltr'>partinet,</span> <span class='ocrx_word' id='word_1_46' title='bbox 547 2745 642 2790; x_wconf 81' lang='lat' dir='ltr'>causa</span> <span class='ocrx_word' id='word_1_47' title='bbox 666 2701 812 2801; x_wconf 61' lang='lat' dir='ltr'>aaddb&#39;at,</span> <span class='ocrx_word' id='word_1_48' title='bbox 836 2721 871 2790; x_wconf 87' lang='lat' dir='ltr'>id</span> <span class='ocrx_word' id='word_1_49' title='bbox 895 2717 943 2792; x_wconf 74' lang='lat' dir='ltr'>ast</span> <span class='ocrx_word' id='word_1_50' title='bbox 965 2716 1036 2791; x_wconf 62' lang='lat' dir='ltr'>‘ram</span> <span class='ocrx_word' id='word_1_51' title='bbox 1056 2709 1241 2803; x_wconf 74' lang='lat' dir='ltr'>amittebat,</span> <span class='ocrx_word' id='word_1_52' title='bbox 1268 2747 1328 2792; x_wconf 81' lang='lat' dir='ltr'>aaa</span> <span class='ocrx_word' id='word_1_53' title='bbox 1350 2721 1386 2792; x_wconf 79' lang='lat' dir='ltr'>fa-</span> 
     </span>
     <span class='ocr_line' id='line_1_7' title="bbox 201 2829 1388 2927; baseline 0.001 -33"><span class='ocrx_word' id='word_1_54' title='bbox 201 2829 261 2894; x_wconf 81' lang='lat' dir='ltr'>aile</span> <span class='ocrx_word' id='word_1_55' title='bbox 285 2829 319 2893; x_wconf 89' lang='lat' dir='ltr'>in</span> <span class='ocrx_word' id='word_1_56' title='bbox 342 2832 506 2927; x_wconf 59' lang='lat' dir='ltr'>integram</span> <span class='ocrx_word' id='word_1_57' title='bbox 525 2851 544 2894; x_wconf 90' lang='lat' dir='ltr'>a</span> <span class='ocrx_word' id='word_1_58' title='bbox 566 2838 710 2916; x_wconf 82' lang='lat' dir='ltr'>praetore</span> <span class='ocrx_word' id='word_1_59' title='bbox 728 2832 968 2909; x_wconf 68' lang='lat' dir='ltr'>restituebatur,</span> <span class='ocrx_word' id='word_1_60' title='bbox 990 2833 1053 2896; x_wconf 78' lang='lat' dir='ltr'>nisi</span> <span class='ocrx_word' id='word_1_61' title='bbox 1069 2833 1177 2898; x_wconf 84' lang='lat' dir='ltr'>minor</span> <span class='ocrx_word' id='word_1_62' title='bbox 1193 2835 1263 2896; x_wconf 83' lang='lat' dir='ltr'>arat</span> <span class='ocrx_word' id='word_1_63' title='bbox 1275 2833 1388 2918; x_wconf 77' lang='lat' dir='ltr'>viginti</span> 
     </span>
     <span class='ocr_line' id='line_1_8' title="bbox 203 2937 1388 3026; baseline 0.004 -28"><span class='ocrx_word' id='word_1_64' title='bbox 203 2937 342 3019; x_wconf 85' lang='lat' dir='ltr'>quinqua</span> <span class='ocrx_word' id='word_1_65' title='bbox 374 2938 473 3000; x_wconf 85' lang='lat' dir='ltr'>annis.</span> <span class='ocrx_word' id='word_1_66' title='bbox 506 2937 583 3004; x_wconf 78' lang='lat' dir='ltr'>huia</span> <span class='ocrx_word' id='word_1_67' title='bbox 613 2939 699 3002; x_wconf 88' lang='lat' dir='ltr'>enim</span> <span class='ocrx_word' id='word_1_68' title='bbox 730 2940 814 3002; x_wconf 82' lang='lat' dir='ltr'>siout</span> <span class='ocrx_word' id='word_1_69' title='bbox 845 2940 879 3002; x_wconf 88' lang='lat' dir='ltr'>in</span> <span class='ocrx_word' id='word_1_70' title='bbox 911 2937 983 3002; x_wconf 81' lang='lat' dir='ltr'>aliia</span> <span class='ocrx_word' id='word_1_71' title='bbox 1012 2939 1117 3002; x_wconf 75' lang='lat' dir='ltr'>causis</span> <span class='ocrx_word' id='word_1_72' title='bbox 1147 2957 1242 3003; x_wconf 75' lang='lat' dir='ltr'>eausa</span> <span class='ocrx_word' id='word_1_73' title='bbox 1266 2942 1388 3026; x_wconf 74' lang='lat' dir='ltr'>cogniti</span> 
     </span>
     <span class='ocr_line' id='line_1_9' title="bbox 206 3040 1389 3129; baseline 0.004 -24"><span class='ocrx_word' id='word_1_74' title='bbox 206 3040 463 3115; x_wconf 74' lang='lat' dir='ltr'>ancaiarreb&#39;atur,</span> <span class='ocrx_word' id='word_1_75' title='bbox 495 3043 522 3106; x_wconf 83' lang='lat' dir='ltr'>si</span> <span class='ocrx_word' id='word_1_76' title='bbox 552 3043 660 3129; x_wconf 80' lang='lat' dir='ltr'>lapsus</span> <span class='ocrx_word' id='word_1_77' title='bbox 690 3047 858 3110; x_wconf 77' lang='lat' dir='ltr'>iuventute</span> <span class='ocrx_word' id='word_1_78' title='bbox 887 3045 1007 3123; x_wconf 84' lang='lat' dir='ltr'>fuerat,</span> <span class='ocrx_word' id='word_1_79' title='bbox 1033 3047 1080 3110; x_wconf 81' lang='lat' dir='ltr'>ita</span> <span class='ocrx_word' id='word_1_80' title='bbox 1103 3049 1135 3108; x_wconf 85' lang='lat' dir='ltr'>et</span> <span class='ocrx_word' id='word_1_81' title='bbox 1158 3045 1278 3109; x_wconf 77' lang='lat' dir='ltr'>iuliae</span> <span class='ocrx_word' id='word_1_82' title='bbox 1302 3065 1389 3110; x_wconf 80' lang='lat' dir='ltr'>eausa</span> 
     </span>
     <span class='ocr_line' id='line_1_10' title="bbox 203 3148 1390 3237; baseline 0.003 -26"><span class='ocrx_word' id='word_1_83' title='bbox 203 3148 329 3211; x_wconf 79' lang='lat' dir='ltr'>auocari</span> <span class='ocrx_word' id='word_1_84' title='bbox 357 3148 488 3210; x_wconf 81' lang='lat' dir='ltr'>solitum</span> <span class='ocrx_word' id='word_1_85' title='bbox 512 3154 589 3213; x_wconf 82' lang='lat' dir='ltr'>arat.</span> <span class='ocrx_word' id='word_1_86' title='bbox 614 3171 688 3215; x_wconf 84' lang='lat' dir='ltr'>sana</span> <span class='ocrx_word' id='word_1_87' title='bbox 711 3153 738 3214; x_wconf 87' lang='lat' dir='ltr'>si</span> <span class='ocrx_word' id='word_1_88' title='bbox 762 3156 829 3214; x_wconf 91' lang='lat' dir='ltr'>tam</span> <span class='ocrx_word' id='word_1_89' title='bbox 854 3169 972 3237; x_wconf 79' lang='lat' dir='ltr'>magna</span> <span class='ocrx_word' id='word_1_90' title='bbox 992 3170 1086 3215; x_wconf 79' lang='lat' dir='ltr'>eausa</span> <span class='ocrx_word' id='word_1_91' title='bbox 1108 3152 1188 3214; x_wconf 79' lang='lat' dir='ltr'>iusti</span> <span class='ocrx_word' id='word_1_92' title='bbox 1210 3153 1327 3215; x_wconf 78' lang='lat' dir='ltr'>erroris</span> <span class='ocrx_word' id='word_1_93' title='bbox 1350 3153 1390 3214; x_wconf 88' lang='lat' dir='ltr'>in·</span> 
     </span>
     <span class='ocr_line' id='line_1_11' title="bbox 202 3251 1389 3341; baseline 0.003 -23"><span class='ocrx_word' id='word_1_94' title='bbox 202 3251 417 3324; x_wconf 82' lang='lat' dir='ltr'>tervaniebat‚</span> <span class='ocrx_word' id='word_1_95' title='bbox 443 3257 480 3316; x_wconf 89' lang='lat' dir='ltr'>ut</span> <span class='ocrx_word' id='word_1_96' title='bbox 504 3256 602 3320; x_wconf 84' lang='lat' dir='ltr'>etiam</span> <span class='ocrx_word' id='word_1_97' title='bbox 626 3258 901 3322; x_wconf 80' lang='lat' dir='ltr'>constantissimus</span> <span class='ocrx_word' id='word_1_98' title='bbox 919 3259 1052 3341; x_wconf 80' lang='lat' dir='ltr'>quiaque</span> <span class='ocrx_word' id='word_1_99' title='bbox 1070 3256 1137 3320; x_wconf 87' lang='lat' dir='ltr'>labi</span> <span class='ocrx_word' id='word_1_100' title='bbox 1155 3261 1281 3340; x_wconf 80' lang='lat' dir='ltr'>posset,</span> <span class='ocrx_word' id='word_1_101' title='bbox 1297 3259 1389 3321; x_wconf 85' lang='lat' dir='ltr'>etiam</span> 
     </span>
     <span class='ocr_line' id='line_1_12' title="bbox 200 3358 1389 3446; baseline 0.002 -21"><span class='ocrx_word' id='word_1_102' title='bbox 200 3359 316 3425; x_wconf 86' lang='lat' dir='ltr'>maiori</span> <span class='ocrx_word' id='word_1_103' title='bbox 341 3358 461 3442; x_wconf 79' lang='lat' dir='ltr'>viginti</span> <span class='ocrx_word' id='word_1_104' title='bbox 486 3362 623 3445; x_wconf 86' lang='lat' dir='ltr'>quinque</span> <span class='ocrx_word' id='word_1_105' title='bbox 647 3363 738 3427; x_wconf 81' lang='lat' dir='ltr'>annia</span> <span class='ocrx_word' id='word_1_106' title='bbox 760 3363 1021 3428; x_wconf 76' lang='lat' dir='ltr'>succurrebatar:</span> <span class='ocrx_word' id='word_1_107' title='bbox 1040 3361 1144 3429; x_wconf 85' lang='lat' dir='ltr'>veluti</span> <span class='ocrx_word' id='word_1_108' title='bbox 1159 3363 1188 3426; x_wconf 82' lang='lat' dir='ltr'>ai</span> <span class='ocrx_word' id='word_1_109' title='bbox 1207 3364 1389 3446; x_wconf 70' lang='lat' dir='ltr'>quistatim</span> 
     </span>
     <span class='ocr_line' id='line_1_13' title="bbox 199 3453 1389 3554; baseline 0 -21"><span class='ocrx_word' id='word_1_110' title='bbox 199 3467 346 3554; x_wconf 78' lang='lat' dir='ltr'>legatum</span> <span class='ocrx_word' id='word_1_111' title='bbox 373 3465 522 3548; x_wconf 80' lang='lat' dir='ltr'>petierit,</span> <span class='ocrx_word' id='word_1_112' title='bbox 555 3471 626 3551; x_wconf 82' lang='lat' dir='ltr'>post</span> <span class='ocrx_word' id='word_1_113' title='bbox 657 3453 770 3532; x_wconf 79' lang='lat' dir='ltr'>dainda</span> <span class='ocrx_word' id='word_1_114' title='bbox 798 3467 914 3552; x_wconf 83' lang='lat' dir='ltr'>prolati</span> <span class='ocrx_word' id='word_1_115' title='bbox 945 3469 1064 3534; x_wconf 82' lang='lat' dir='ltr'>fuerint</span> <span class='ocrx_word' id='word_1_116' title='bbox 1095 3467 1253 3545; x_wconf 79' lang='lat' dir='ltr'>codicilli,</span> <span class='ocrx_word' id='word_1_117' title='bbox 1280 3469 1389 3552; x_wconf 85' lang='lat' dir='ltr'>quibas</span> 
     </span>
     <span class='ocr_line' id='line_1_14' title="bbox 201 3572 1388 3662; baseline 0 -22"><span class='ocrx_word' id='word_1_118' title='bbox 201 3581 257 3640; x_wconf 86' lang='lat' dir='ltr'>aut</span> <span class='ocrx_word' id='word_1_119' title='bbox 287 3597 359 3661; x_wconf 87' lang='lat' dir='ltr'>pars</span> <span class='ocrx_word' id='word_1_120' title='bbox 386 3574 488 3661; x_wconf 78' lang='lat' dir='ltr'>legati</span> <span class='ocrx_word' id='word_1_121' title='bbox 519 3572 667 3658; x_wconf 84' lang='lat' dir='ltr'>adempta</span> <span class='ocrx_word' id='word_1_122' title='bbox 694 3574 737 3638; x_wconf 81' lang='lat' dir='ltr'>sit</span> <span class='ocrx_word' id='word_1_123' title='bbox 768 3579 824 3638; x_wconf 89' lang='lat' dir='ltr'>aut</span> <span class='ocrx_word' id='word_1_124' title='bbox 857 3574 1048 3659; x_wconf 82' lang='lat' dir='ltr'>quibusdam</span> <span class='ocrx_word' id='word_1_125' title='bbox 1079 3573 1152 3638; x_wconf 83' lang='lat' dir='ltr'>aliis</span> <span class='ocrx_word' id='word_1_126' title='bbox 1180 3572 1291 3662; x_wconf 79' lang='lat' dir='ltr'>legata</span> <span class='ocrx_word' id='word_1_127' title='bbox 1324 3575 1388 3640; x_wconf 89' lang='lat' dir='ltr'>data</span> 
     </span>
     <span class='ocr_line' id='line_1_15' title="bbox 202 3677 1387 3772; baseline -0.001 -27"><span class='ocrx_word' id='word_1_128' title='bbox 202 3683 284 3757; x_wconf 77' lang='lat' dir='ltr'>sint,</span> <span class='ocrx_word' id='word_1_129' title='bbox 318 3701 398 3766; x_wconf 83' lang='lat' dir='ltr'>quaa</span> <span class='ocrx_word' id='word_1_130' title='bbox 428 3677 620 3762; x_wconf 73' lang='lat' dir='ltr'>efficiebant,</span> <span class='ocrx_word' id='word_1_131' title='bbox 651 3683 688 3741; x_wconf 90' lang='lat' dir='ltr'>ut</span> <span class='ocrx_word' id='word_1_132' title='bbox 719 3678 790 3772; x_wconf 87' lang='lat' dir='ltr'>plua</span> <span class='ocrx_word' id='word_1_133' title='bbox 820 3681 937 3763; x_wconf 82' lang='lat' dir='ltr'>petisse</span> <span class='ocrx_word' id='word_1_134' title='bbox 967 3678 1129 3745; x_wconf 82' lang='lat' dir='ltr'>videretur</span> <span class='ocrx_word' id='word_1_135' title='bbox 1156 3682 1277 3765; x_wconf 82' lang='lat' dir='ltr'>petitor</span> <span class='ocrx_word' id='word_1_136' title='bbox 1301 3701 1387 3766; x_wconf 87' lang='lat' dir='ltr'>quam</span> 
     </span>
     <span class='ocr_line' id='line_1_16' title="bbox 201 3782 1288 3874; baseline 0.002 -23"><span class='ocrx_word' id='word_1_137' title='bbox 201 3786 411 3871; x_wconf 79' lang='lat' dir='ltr'>dodrantem,</span> <span class='ocrx_word' id='word_1_138' title='bbox 439 3791 533 3871; x_wconf 83' lang='lat' dir='ltr'>atqua</span> <span class='ocrx_word' id='word_1_139' title='bbox 562 3784 634 3849; x_wconf 87' lang='lat' dir='ltr'>ideo</span> <span class='ocrx_word' id='word_1_140' title='bbox 657 3782 729 3872; x_wconf 81' lang='lat' dir='ltr'>laga</span> <span class='ocrx_word' id='word_1_141' title='bbox 752 3784 894 3852; x_wconf 77' lang='lat' dir='ltr'>Falcidia</span> <span class='ocrx_word' id='word_1_142' title='bbox 916 3785 1026 3874; x_wconf 76' lang='lat' dir='ltr'>legata</span> <span class='ocrx_word' id='word_1_143' title='bbox 1046 3785 1288 3853; x_wconf 79' lang='lat' dir='ltr'>minuebantur.</span> 
     </span>
    </p>
   </div>
   <div class='ocr_carea' id='block_1_3' title="bbox 190 4025 1020 4101">
    <p class='ocr_par' dir='ltr' id='par_1_4' title="bbox 190 4025 1020 4101">
     <span class='ocr_line' id='line_1_17' title="bbox 190 4025 1020 4101; baseline 0.006 -22"><span class='ocrx_word' id='word_1_144' title='bbox 190 4039 192 4044; x_wconf 92' lang='lat'>·</span> <span class='ocrx_word' id='word_1_145' title='bbox 241 4025 270 4092; x_wconf 90' lang='lat'>1)</span> <span class='ocrx_word' id='word_1_146' title='bbox 290 4027 350 4097; x_wconf 59' lang='lat'>§5⁰¹</span> <span class='ocrx_word' id='word_1_147' title='bbox 368 4027 474 4084; x_wconf 81' lang='lat'>28-31</span> <span class='ocrx_word' id='word_1_148' title='bbox 497 4026 613 4100; x_wconf 76' lang='lat' dir='ltr'>opposui</span> <span class='ocrx_word' id='word_1_149' title='bbox 632 4027 685 4084; x_wconf 78' lang='lat' dir='ltr'>(iai</span> <span class='ocrx_word' id='word_1_150' title='bbox 702 4025 759 4101; x_wconf 55' lang='lat'>§5⁵⁸</span> <span class='ocrx_word' id='word_1_151' title='bbox 778 4027 814 4085; x_wconf 79' lang='lat'>62</span> <span class='ocrx_word' id='word_1_152' title='bbox 833 4029 862 4086; x_wconf 86' lang='lat' dir='ltr'>et</span> <span class='ocrx_word' id='word_1_153' title='bbox 878 4028 918 4085; x_wconf 67' lang='grc'>63</span> <span class='ocrx_word' id='word_1_154' title='bbox 937 4025 1020 4087; x_wconf 80' lang='lat' dir='ltr'>lutra.</span> 
     </span>
    </p>
   </div>
   <div class='ocr_carea' id='block_1_4' title="bbox 0 0 1452 4612">
    <p class='ocr_par' dir='ltr' id='par_1_5' title="bbox 0 0 1452 4612">
     <span class='ocr_line' id='line_1_18' title="bbox 0 0 1452 4612; baseline 0 0"><span class='ocrx_word' id='word_1_155' title='bbox 0 0 1452 4612; x_wconf 95' lang='lat' dir='ltr'> </span> 
     </span>
    </p>
   </div>
  </div>
 </body>
</html>
