<?xml version="1.0" encoding="UTF-8"?>
<!DOCTYPE html PUBLIC "-//W3C//DTD XHTML 1.0 Transitional//EN"
    "http://www.w3.org/TR/xhtml1/DTD/xhtml1-transitional.dtd">
<html xmlns="http://www.w3.org/1999/xhtml" xml:lang="en" lang="en">
 <head>
  <title>
</title>
<meta http-equiv="Content-Type" content="text/html;charset=utf-8" />
  <meta name='ocr-system' content='tesseract 3.04.00' />
  <meta name='ocr-capabilities' content='ocr_page ocr_carea ocr_par ocr_line ocrx_word'/>
</head>
<body>
  <div class='ocr_page' id='page_1' title='image "./syntagmainstitu01studgoog_0519.png"; bbox 0 0 2890 4616; ppageno 0'>
   <div class='ocr_carea' id='block_1_1' title="bbox 194 2484 1432 4073">
    <p class='ocr_par' dir='ltr' id='par_1_1' title="bbox 194 2484 1432 4073">
     <span class='ocr_line' id='line_1_1' title="bbox 246 2484 1432 2603; baseline -0.006 -44"><span class='ocrx_word' id='word_1_1' title='bbox 246 2486 320 2559; x_wconf 87' lang='lat' dir='ltr'><strong>Sed</strong></span> <span class='ocrx_word' id='word_1_2' title='bbox 347 2488 434 2557; x_wconf 82' lang='lat' dir='ltr'><strong>istae</strong></span> <span class='ocrx_word' id='word_1_3' title='bbox 462 2484 604 2584; x_wconf 86' lang='lat' dir='ltr'><strong>quidem</strong></span> <span class='ocrx_word' id='word_1_4' title='bbox 630 2487 807 2578; x_wconf 76' lang='lat' dir='ltr'><strong>actiones,</strong></span> <span class='ocrx_word' id='word_1_5' title='bbox 826 2517 962 2581; x_wconf 81' lang='lat' dir='ltr'><strong>quarum</strong></span> <span class='ocrx_word' id='word_1_6' title='bbox 982 2497 1177 2560; x_wconf 88' lang='lat' dir='ltr'><strong>mentionem</strong></span> <span class='ocrx_word' id='word_1_7' title='bbox 1197 2493 1398 2570; x_wconf 78' lang='lat' dir='ltr'><strong>habuimus,</strong></span> <span class='ocrx_word' id='word_1_8' title='bbox 1430 2550 1432 2603; x_wconf 37' lang='lat' dir='ltr'><em>A</em></span> 
     </span>
     <span class='ocr_line' id='line_1_2' title="bbox 198 2598 1375 2688; baseline -0.009 -21"><span class='ocrx_word' id='word_1_9' title='bbox 198 2606 230 2667; x_wconf 88' lang='lat' dir='ltr'><strong>et</strong></span> <span class='ocrx_word' id='word_1_10' title='bbox 253 2603 281 2666; x_wconf 85' lang='lat' dir='ltr'><strong>si</strong></span> <span class='ocrx_word' id='word_1_11' title='bbox 305 2621 384 2685; x_wconf 83' lang='lat' dir='ltr'><strong>quse</strong></span> <span class='ocrx_word' id='word_1_12' title='bbox 409 2606 483 2664; x_wconf 89' lang='lat' dir='ltr'><strong>sunt</strong></span> <span class='ocrx_word' id='word_1_13' title='bbox 469 2599 628 2664; x_wconf 80' lang='lat' dir='ltr'><strong>s1mlles</strong></span> <span class='ocrx_word' id='word_1_14' title='bbox 635 2646 644 2677; x_wconf 88' lang='lat'><em>,</em></span> <span class='ocrx_word' id='word_1_15' title='bbox 670 2623 708 2666; x_wconf 83' lang='lat' dir='ltr'><strong>ex</strong></span> <span class='ocrx_word' id='word_1_16' title='bbox 731 2601 889 2688; x_wconf 78' lang='lat' dir='ltr'><strong>legitimis</strong></span> <span class='ocrx_word' id='word_1_17' title='bbox 912 2608 944 2668; x_wconf 89' lang='lat' dir='ltr'><strong>et</strong></span> <span class='ocrx_word' id='word_1_18' title='bbox 963 2600 1114 2668; x_wconf 77' lang='lat' dir='ltr'><strong>civilibus</strong></span> <span class='ocrx_word' id='word_1_19' title='bbox 1133 2601 1238 2666; x_wconf 81' lang='lat' dir='ltr'><strong>esusis</strong></span> <span class='ocrx_word' id='word_1_20' title='bbox 1259 2598 1375 2662; x_wconf 84' lang='lat' dir='ltr'><strong>deseen-</strong></span> 
     </span>
     <span class='ocr_line' id='line_1_3' title="bbox 197 2705 1375 2793; baseline -0.005 -21"><span class='ocrx_word' id='word_1_21' title='bbox 197 2708 286 2772; x_wconf 89' lang='lat' dir='ltr'><strong>dunt.</strong></span> <span class='ocrx_word' id='word_1_22' title='bbox 311 2705 471 2772; x_wconf 78' lang='lat' dir='ltr'><strong>slieet</strong></span> <span class='ocrx_word' id='word_1_23' title='bbox 415 2713 471 2772; x_wconf 81' lang='lat' dir='ltr'><strong>aut</strong></span> <span class='ocrx_word' id='word_1_24' title='bbox 472 2728 523 2772; x_wconf 90' lang='lat' dir='ltr'><strong>em</strong></span> <span class='ocrx_word' id='word_1_25' title='bbox 547 2712 636 2784; x_wconf 86' lang='lat' dir='ltr'>sunt,</span> <span class='ocrx_word' id='word_1_26' title='bbox 660 2728 738 2791; x_wconf 85' lang='lat' dir='ltr'>quas</span> <span class='ocrx_word' id='word_1_27' title='bbox 760 2715 886 2793; x_wconf 82' lang='lat' dir='ltr'><strong>praetor</strong></span> <span class='ocrx_word' id='word_1_28' title='bbox 909 2731 948 2775; x_wconf 85' lang='lat' dir='ltr'><strong>ex</strong></span> <span class='ocrx_word' id='word_1_29' title='bbox 971 2730 1029 2774; x_wconf 84' lang='lat' dir='ltr'><strong>sus</strong></span> <span class='ocrx_word' id='word_1_30' title='bbox 1051 2707 1208 2772; x_wconf 82' lang='lat' dir='ltr'><strong>iurisdiet&#39;</strong></span> <span class='ocrx_word' id='word_1_31' title='bbox 1199 2725 1273 2770; x_wconf 78' lang='lat' dir='ltr'><strong>sone</strong></span> <span class='ocrx_word' id='word_1_32' title='bbox 1294 2723 1375 2767; x_wconf 84' lang='lat' dir='ltr'><strong>eom·</strong></span> 
     </span>
     <span class='ocr_line' id='line_1_4' title="bbox 196 2811 1376 2901; baseline -0.007 -23"><span class='ocrx_word' id='word_1_33' title='bbox 196 2817 321 2898; x_wconf 74' lang='lat' dir='ltr'><strong>perstas</strong></span> <span class='ocrx_word' id='word_1_34' title='bbox 353 2812 448 2877; x_wconf 84' lang='lat' dir='ltr'><strong>habet</strong></span> <span class='ocrx_word' id='word_1_35' title='bbox 477 2817 544 2878; x_wconf 81' lang='lat' dir='ltr'><strong>tam</strong></span> <span class='ocrx_word' id='word_1_36' title='bbox 575 2815 608 2876; x_wconf 90' lang='lat' dir='ltr'><strong>in</strong></span> <span class='ocrx_word' id='word_1_37' title='bbox 640 2834 708 2878; x_wconf 85' lang='lat' dir='ltr'><strong>rem</strong></span> <span class='ocrx_word' id='word_1_38' title='bbox 739 2834 836 2898; x_wconf 82' lang='lat' dir='ltr'><strong>quam</strong></span> <span class='ocrx_word' id='word_1_39' title='bbox 866 2817 901 2879; x_wconf 90' lang='lat' dir='ltr'><strong>in</strong></span> <span class='ocrx_word' id='word_1_40' title='bbox 934 2835 1118 2901; x_wconf 86' lang='lat' dir='ltr'><strong>personam,</strong></span> <span class='ocrx_word' id='word_1_41' title='bbox 1143 2831 1221 2897; x_wconf 75' lang='lat' dir='ltr'><strong>ques</strong></span> <span class='ocrx_word' id='word_1_42' title='bbox 1245 2823 1278 2874; x_wconf 86' lang='lat' dir='ltr'><strong>et</strong></span> <span class='ocrx_word' id='word_1_43' title='bbox 1300 2811 1376 2893; x_wconf 78' lang='lat' dir='ltr'><strong>ipsas</strong></span> 
     </span>
     <span class='ocr_line' id='line_1_5' title="bbox 194 2918 1377 3005; baseline -0.004 -23"><span class='ocrx_word' id='word_1_44' title='bbox 194 2919 407 2984; x_wconf 77' lang='lat' dir='ltr'><strong>necessarium</strong></span> <span class='ocrx_word' id='word_1_45' title='bbox 439 2923 486 2982; x_wconf 87' lang='lat' dir='ltr'><strong>est</strong></span> <span class='ocrx_word' id='word_1_46' title='bbox 516 2918 670 3003; x_wconf 86' lang='lat' dir='ltr'><strong>exemplis</strong></span> <span class='ocrx_word' id='word_1_47' title='bbox 701 2920 873 2986; x_wconf 73' lang='lat' dir='ltr'><strong>ostendere:</strong></span> <span class='ocrx_word' id='word_1_48' title='bbox 921 2933 992 2986; x_wconf 81' lang='lat' dir='ltr'><strong>esee</strong></span> <span class='ocrx_word' id='word_1_49' title='bbox 1021 2918 1210 3005; x_wconf 82' lang='lat' dir='ltr'><strong>plerumque</strong></span> <span class='ocrx_word' id='word_1_50' title='bbox 1241 2918 1289 2981; x_wconf 80' lang='lat' dir='ltr'><strong>its</strong></span> <span class='ocrx_word' id='word_1_51' title='bbox 1318 2936 1377 2999; x_wconf 87' lang='lat' dir='ltr'><strong>per-</strong></span> 
     </span>
     <span class='ocr_line' id='line_1_6' title="bbox 195 3023 1375 3111; baseline 0.006 -23"><span class='ocrx_word' id='word_1_52' title='bbox 195 3025 301 3089; x_wconf 85' lang='lat' dir='ltr'><strong>mittit</strong></span> <span class='ocrx_word' id='word_1_53' title='bbox 323 3026 357 3088; x_wconf 92' lang='lat' dir='ltr'><strong>in</strong></span> <span class='ocrx_word' id='word_1_54' title='bbox 379 3044 448 3089; x_wconf 86' lang='lat' dir='ltr'><strong>rem</strong></span> <span class='ocrx_word' id='word_1_55' title='bbox 472 3044 581 3111; x_wconf 81' lang='lat' dir='ltr'><strong>agere,</strong></span> <span class='ocrx_word' id='word_1_56' title='bbox 605 3029 642 3088; x_wconf 90' lang='lat' dir='ltr'><strong>ut</strong></span> <span class='ocrx_word' id='word_1_57' title='bbox 666 3023 718 3090; x_wconf 85' lang='lat' dir='ltr'><strong>vel</strong></span> <span class='ocrx_word' id='word_1_58' title='bbox 741 3031 828 3091; x_wconf 78' lang='lat' dir='ltr'><strong>actor</strong></span> <span class='ocrx_word' id='word_1_59' title='bbox 852 3027 970 3092; x_wconf 81' lang='lat' dir='ltr'><strong>diceret</strong></span> <span class='ocrx_word' id='word_1_60' title='bbox 993 3046 1026 3092; x_wconf 91' lang='lat' dir='ltr'><strong>se</strong></span> <span class='ocrx_word' id='word_1_61' title='bbox 1050 3026 1140 3110; x_wconf 82' lang='lat' dir='ltr'><strong>qussi</strong></span> <span class='ocrx_word' id='word_1_62' title='bbox 1163 3045 1226 3088; x_wconf 83' lang='lat' dir='ltr'><strong>usu</strong></span> <span class='ocrx_word' id='word_1_63' title='bbox 1247 3024 1375 3108; x_wconf 61' lang='lat' dir='ltr'><strong>emisse,</strong></span> 
     </span>
     <span class='ocr_line' id='line_1_7' title="bbox 195 3128 1377 3218; baseline -0.003 -23"><span class='ocrx_word' id='word_1_64' title='bbox 195 3128 280 3215; x_wconf 85' lang='lat' dir='ltr'><strong>quod</strong></span> <span class='ocrx_word' id='word_1_65' title='bbox 311 3150 372 3193; x_wconf 86' lang='lat' dir='ltr'><strong>usu</strong></span> <span class='ocrx_word' id='word_1_66' title='bbox 402 3150 464 3194; x_wconf 88' lang='lat' dir='ltr'><strong>non</strong></span> <span class='ocrx_word' id='word_1_67' title='bbox 494 3130 627 3214; x_wconf 78' lang='lat' dir='ltr'><strong>ceperit,</strong></span> <span class='ocrx_word' id='word_1_68' title='bbox 659 3129 711 3196; x_wconf 87' lang='lat' dir='ltr'><strong>vel</strong></span> <span class='ocrx_word' id='word_1_69' title='bbox 740 3153 779 3196; x_wconf 87' lang='lat' dir='ltr'><strong>ex</strong></span> <span class='ocrx_word' id='word_1_70' title='bbox 804 3132 928 3198; x_wconf 82' lang='lat' dir='ltr'><strong>diverso</strong></span> <span class='ocrx_word' id='word_1_71' title='bbox 951 3152 1108 3218; x_wconf 78' lang='lat' dir='ltr'>possessor</span> <span class='ocrx_word' id='word_1_72' title='bbox 1131 3131 1252 3195; x_wconf 74' lang='lat' dir='ltr'><strong>diceret</strong></span> <span class='ocrx_word' id='word_1_73' title='bbox 1275 3128 1377 3193; x_wconf 82' lang='lat' dir='ltr'><strong>sdver-</strong></span> 
     </span>
     <span class='ocr_line' id='line_1_8' title="bbox 196 3234 1399 3323; baseline -0.005 -22"><span class='ocrx_word' id='word_1_74' title='bbox 196 3234 317 3302; x_wconf 80' lang='lat' dir='ltr'><strong>sarium</strong></span> <span class='ocrx_word' id='word_1_75' title='bbox 352 3256 446 3299; x_wconf 89' lang='lat' dir='ltr'><strong>suum</strong></span> <span class='ocrx_word' id='word_1_76' title='bbox 476 3256 537 3300; x_wconf 84' lang='lat' dir='ltr'><strong>usu</strong></span> <span class='ocrx_word' id='word_1_77' title='bbox 569 3257 630 3300; x_wconf 88' lang='lat' dir='ltr'><strong>non</strong></span> <span class='ocrx_word' id='word_1_78' title='bbox 661 3239 781 3323; x_wconf 76' lang='lat' dir='ltr'><strong>cepisse</strong></span> <span class='ocrx_word' id='word_1_79' title='bbox 809 3239 894 3323; x_wconf 87' lang='lat' dir='ltr'>quod</span> <span class='ocrx_word' id='word_1_80' title='bbox 921 3258 983 3304; x_wconf 86' lang='lat' dir='ltr'><strong>usu</strong></span> <span class='ocrx_word' id='word_1_81' title='bbox 1005 3239 1133 3322; x_wconf 78' lang='lat' dir='ltr'><strong>ceperit.</strong></span> <span class='ocrx_word' id='word_1_82' title='bbox 1182 3235 1332 3319; x_wconf 76' lang='lat' dir='ltr'><strong>Namque</strong></span> <span class='ocrx_word' id='word_1_83' title='bbox 1353 3236 1399 3297; x_wconf 83' lang='grc' dir='ltr'><strong>ιιι</strong></span> 
     </span>
     <span class='ocr_line' id='line_1_9' title="bbox 196 3341 1377 3428; baseline -0.004 -21"><span class='ocrx_word' id='word_1_84' title='bbox 196 3343 250 3407; x_wconf 86' lang='lat' dir='ltr'><strong>eui</strong></span> <span class='ocrx_word' id='word_1_85' title='bbox 280 3361 319 3406; x_wconf 86' lang='lat' dir='ltr'><strong>ex</strong></span> <span class='ocrx_word' id='word_1_86' title='bbox 348 3342 434 3406; x_wconf 83' lang='lat' dir='ltr'><strong>iuste</strong></span> <span class='ocrx_word' id='word_1_87' title='bbox 464 3360 558 3406; x_wconf 83' lang='lat' dir='ltr'>eausa</span> <span class='ocrx_word' id='word_1_88' title='bbox 588 3362 637 3407; x_wconf 86' lang='lat' dir='ltr'><strong>res</strong></span> <span class='ocrx_word' id='word_1_89' title='bbox 669 3341 777 3428; x_wconf 80' lang='lat' dir='ltr'><strong>eliqua</strong></span> <span class='ocrx_word' id='word_1_90' title='bbox 806 3344 924 3410; x_wconf 75' lang='lat' dir='ltr'><strong>tradita</strong></span> <span class='ocrx_word' id='word_1_91' title='bbox 955 3344 1068 3426; x_wconf 82' lang='lat' dir='ltr'><strong>fuerit,</strong></span> <span class='ocrx_word' id='word_1_92' title='bbox 1100 3342 1204 3408; x_wconf 81' lang='lat' dir='ltr'><strong>veluti</strong></span> <span class='ocrx_word' id='word_1_93' title='bbox 1227 3361 1268 3405; x_wconf 86' lang='lat' dir='ltr'><strong>ex</strong></span> <span class='ocrx_word' id='word_1_94' title='bbox 1290 3359 1377 3405; x_wconf 77' lang='lat' dir='ltr'><strong>eausa</strong></span> 
     </span>
     <span class='ocr_line' id='line_1_10' title="bbox 194 3445 1375 3536; baseline -0.003 -24"><span class='ocrx_word' id='word_1_95' title='bbox 194 3449 365 3532; x_wconf 76' lang='lat' dir='ltr'><strong>emptionis</strong></span> <span class='ocrx_word' id='word_1_96' title='bbox 388 3453 444 3513; x_wconf 81' lang='lat' dir='ltr'><strong>eut</strong></span> <span class='ocrx_word' id='word_1_97' title='bbox 468 3447 644 3514; x_wconf 81' lang='lat' dir='ltr'><strong>donationis</strong></span> <span class='ocrx_word' id='word_1_98' title='bbox 668 3455 724 3514; x_wconf 85' lang='lat' dir='ltr'><strong>eut</strong></span> <span class='ocrx_word' id='word_1_99' title='bbox 747 3450 830 3514; x_wconf 86' lang='lat' dir='ltr'><strong>dotis</strong></span> <span class='ocrx_word' id='word_1_100' title='bbox 853 3455 910 3514; x_wconf 85' lang='lat' dir='ltr'><strong>sut</strong></span> <span class='ocrx_word' id='word_1_101' title='bbox 931 3448 1130 3536; x_wconf 79' lang='lat' dir='ltr'><strong>legatorum,</strong></span> <span class='ocrx_word' id='word_1_102' title='bbox 1156 3445 1295 3511; x_wconf 73' lang='lat' dir='ltr'><strong>necdum</strong></span> <span class='ocrx_word' id='word_1_103' title='bbox 1317 3448 1375 3510; x_wconf 85' lang='lat' dir='ltr'><strong>eius</strong></span> 
     </span>
     <span class='ocr_line' id='line_1_11' title="bbox 194 3553 1373 3641; baseline -0.005 -21"><span class='ocrx_word' id='word_1_104' title='bbox 194 3557 241 3620; x_wconf 89' lang='lat' dir='ltr'><strong>rei</strong></span> <span class='ocrx_word' id='word_1_105' title='bbox 264 3554 412 3621; x_wconf 88' lang='lat' dir='ltr'><strong>dominus</strong></span> <span class='ocrx_word' id='word_1_106' title='bbox 434 3554 563 3620; x_wconf 82' lang='lat' dir='ltr'><strong>effeetus</strong></span> <span class='ocrx_word' id='word_1_107' title='bbox 586 3561 649 3634; x_wconf 86' lang='lat' dir='ltr'><strong>est,</strong></span> <span class='ocrx_word' id='word_1_108' title='bbox 674 3558 702 3621; x_wconf 85' lang='lat' dir='ltr'><strong>si</strong></span> <span class='ocrx_word' id='word_1_109' title='bbox 725 3555 793 3621; x_wconf 86' lang='lat' dir='ltr'><strong>eius</strong></span> <span class='ocrx_word' id='word_1_110' title='bbox 816 3559 861 3621; x_wconf 87' lang='lat' dir='ltr'><strong>rei</strong></span> <span class='ocrx_word' id='word_1_111' title='bbox 885 3577 961 3622; x_wconf 83' lang='lat' dir='ltr'><strong>essu</strong></span> <span class='ocrx_word' id='word_1_112' title='bbox 980 3556 1209 3641; x_wconf 83' lang='lat' dir='ltr'><strong>possessionem</strong></span> <span class='ocrx_word' id='word_1_113' title='bbox 1228 3553 1373 3626; x_wconf 81' lang='lat' dir='ltr'><strong>emiserit,</strong></span> 
     </span>
     <span class='ocr_line' id='line_1_12' title="bbox 196 3659 1374 3743; baseline -0.003 -18"><span class='ocrx_word' id='word_1_114' title='bbox 196 3659 320 3725; x_wconf 80' lang='lat' dir='ltr'><strong>nullam</strong></span> <span class='ocrx_word' id='word_1_115' title='bbox 351 3661 446 3725; x_wconf 84' lang='lat' dir='ltr'><strong>habet</strong></span> <span class='ocrx_word' id='word_1_116' title='bbox 477 3661 630 3732; x_wconf 75' lang='lat' dir='ltr'><strong>directam</strong></span> <span class='ocrx_word' id='word_1_117' title='bbox 659 3665 694 3726; x_wconf 89' lang='lat' dir='ltr'><strong>in</strong></span> <span class='ocrx_word' id='word_1_118' title='bbox 724 3684 792 3728; x_wconf 85' lang='lat' dir='ltr'><strong>rem</strong></span> <span class='ocrx_word' id='word_1_119' title='bbox 823 3665 980 3728; x_wconf 79' lang='lat' dir='ltr'><strong>astionem</strong></span> <span class='ocrx_word' id='word_1_120' title='bbox 1013 3662 1053 3727; x_wconf 84' lang='lat' dir='ltr'><strong>ad</strong></span> <span class='ocrx_word' id='word_1_121' title='bbox 1066 3685 1068 3692; x_wconf 94' lang='lat'>·</span> <span class='ocrx_word' id='word_1_122' title='bbox 1083 3680 1153 3726; x_wconf 81' lang='lat' dir='ltr'><strong>eam</strong></span> <span class='ocrx_word' id='word_1_123' title='bbox 1185 3679 1255 3723; x_wconf 86' lang='lat' dir='ltr'><strong>rem</strong></span> <span class='ocrx_word' id='word_1_124' title='bbox 1284 3678 1374 3743; x_wconf 80' lang='lat' dir='ltr'><strong>perse</strong></span> 
     </span>
     <span class='ocr_line' id='line_1_13' title="bbox 196 3765 1373 3854; baseline -0.001 -25"><span class='ocrx_word' id='word_1_125' title='bbox 196 3766 369 3851; x_wconf 78' lang='lat' dir='ltr'><strong>quendem:</strong></span> <span class='ocrx_word' id='word_1_126' title='bbox 395 3768 511 3852; x_wconf 89' lang='lat' dir='ltr'><strong>quippe</strong></span> <span class='ocrx_word' id='word_1_127' title='bbox 533 3770 580 3834; x_wconf 84' lang='lat' dir='ltr'><strong>ita</strong></span> <span class='ocrx_word' id='word_1_128' title='bbox 602 3768 745 3854; x_wconf 78' lang='lat' dir='ltr'><strong>proditae</strong></span> <span class='ocrx_word' id='word_1_129' title='bbox 770 3773 843 3834; x_wconf 88' lang='lat' dir='ltr'><strong>sunt</strong></span> <span class='ocrx_word' id='word_1_130' title='bbox 865 3771 934 3834; x_wconf 87' lang='lat' dir='ltr'><strong>iure</strong></span> <span class='ocrx_word' id='word_1_131' title='bbox 957 3767 1047 3834; x_wconf 76' lang='lat' dir='ltr'><strong>civili</strong></span> <span class='ocrx_word' id='word_1_132' title='bbox 1071 3765 1227 3840; x_wconf 70' lang='lat' dir='ltr'><strong>actiones,</strong></span> <span class='ocrx_word' id='word_1_133' title='bbox 1252 3770 1291 3828; x_wconf 87' lang='lat' dir='ltr'><strong>ut</strong></span> <span class='ocrx_word' id='word_1_134' title='bbox 1314 3765 1373 3849; x_wconf 88' lang='lat' dir='ltr'><strong>quis</strong></span> 
     </span>
     <span class='ocr_line' id='line_1_14' title="bbox 197 3872 1373 3960; baseline -0.003 -24"><span class='ocrx_word' id='word_1_135' title='bbox 197 3872 376 3936; x_wconf 88' lang='lat' dir='ltr'><strong>dominium</strong></span> <span class='ocrx_word' id='word_1_136' title='bbox 404 3893 497 3938; x_wconf 85' lang='lat' dir='ltr'><strong>suum</strong></span> <span class='ocrx_word' id='word_1_137' title='bbox 526 3875 678 3941; x_wconf 80' lang='lat' dir='ltr'><strong>vindicet.</strong></span> <span class='ocrx_word' id='word_1_138' title='bbox 726 3875 782 3942; x_wconf 88' lang='lat' dir='ltr'><strong>sed</strong></span> <span class='ocrx_word' id='word_1_139' title='bbox 810 3877 885 3960; x_wconf 83' lang='lat' dir='ltr'><strong>quis</strong></span> <span class='ocrx_word' id='word_1_140' title='bbox 913 3895 987 3940; x_wconf 83' lang='lat' dir='ltr'><strong>sane</strong></span> <span class='ocrx_word' id='word_1_141' title='bbox 1016 3875 1132 3939; x_wconf 86' lang='lat' dir='ltr'><strong>durum</strong></span> <span class='ocrx_word' id='word_1_142' title='bbox 1156 3875 1224 3937; x_wconf 83' lang='lat' dir='ltr'><strong>erat</strong></span> <span class='ocrx_word' id='word_1_143' title='bbox 1250 3892 1286 3938; x_wconf 90' lang='lat' dir='ltr'><strong>eo</strong></span> <span class='ocrx_word' id='word_1_144' title='bbox 1310 3891 1373 3936; x_wconf 83' lang='lat' dir='ltr'><strong>essu</strong></span> 
     </span>
     <span class='ocr_line' id='line_1_15' title="bbox 198 3976 1370 4073; baseline -0.006 -26"><span class='ocrx_word' id='word_1_145' title='bbox 198 3976 328 4047; x_wconf 79' lang='lat' dir='ltr'><strong>deficere</strong></span> <span class='ocrx_word' id='word_1_146' title='bbox 352 3979 524 4058; x_wconf 78' lang='lat' dir='ltr'><strong>sotionem,</strong></span> <span class='ocrx_word' id='word_1_147' title='bbox 547 3982 677 4054; x_wconf 80' lang='lat' dir='ltr'><strong>inventa</strong></span> <span class='ocrx_word' id='word_1_148' title='bbox 699 3987 747 4048; x_wconf 90' lang='lat' dir='ltr'><strong>est</strong></span> <span class='ocrx_word' id='word_1_149' title='bbox 771 4001 789 4048; x_wconf 79' lang='lat' dir='ltr'>a</span> <span class='ocrx_word' id='word_1_150' title='bbox 813 3987 955 4073; x_wconf 77' lang='lat' dir='ltr'><strong>praetore</strong></span> <span class='ocrx_word' id='word_1_151' title='bbox 979 3983 1079 4056; x_wconf 83' lang='lat' dir='ltr'><strong>seti0,</strong></span> <span class='ocrx_word' id='word_1_152' title='bbox 1105 3979 1140 4042; x_wconf 90' lang='lat' dir='ltr'><strong>in</strong></span> <span class='ocrx_word' id='word_1_153' title='bbox 1163 3997 1227 4064; x_wconf 83' lang='lat' dir='ltr'><strong>qua</strong></span> <span class='ocrx_word' id='word_1_154' title='bbox 1247 3977 1326 4044; x_wconf 86' lang='lat' dir='ltr'><strong>dieit</strong></span> <span class='ocrx_word' id='word_1_155' title='bbox 1342 3980 1370 4052; x_wconf 84' lang='lat' dir='ltr'><strong>is,</strong></span> 
     </span>
    </p>
   </div>
   <div class='ocr_carea' id='block_1_2' title="bbox 0 0 1450 4612">
    <p class='ocr_par' dir='ltr' id='par_1_2' title="bbox 0 0 1450 4612">
     <span class='ocr_line' id='line_1_16' title="bbox 0 0 1450 4612; baseline 0 0"><span class='ocrx_word' id='word_1_156' title='bbox 0 0 1450 4612; x_wconf 95' lang='lat' dir='ltr'><strong> </strong></span> 
     </span>
    </p>
   </div>
  </div>
 </body>
</html>
