2934 4608
546 73 600 126 on
623 60 664 124 n.
688 61 794 144 sna.

1330 245 1372 312 81

8 427 106 515 119),ι
153 473 1241 495 ....................
1259 333 1400 493 ſtram

84 533 213 622 ttortl)
239 535 307 600 divi
325 534 482 600 Hadriani
500 533 810 599 senatusconsultum
830 533 951 598 factum
972 539 1035 610 est,
1057 554 1118 618 quo
1130 535 1260 618 permis-
1272 553 1298 596 ss

86 660 156 703 sum
181 644 243 716 est,
266 639 272 726 Ι
285 641 450 723 puberibus
465 641 488 728 ¹)
510 640 639 705 feminis
658 642 756 704 etiam
773 640 840 703 sine
859 643 1055 724 coemptione
1076 635 1300 718 teletamenes,
1317 657 1343 700 ss
1452 647 1454 656 ⁴

74 975 293 986 --—

103 1127 145 1196 J)
166 1141 247 1194 ›pag.
271 1125 391 1180 exter-ior
409 1123 571 1179 difficillime
589 1124 694 1195 legitur
700 1148 707 1191 ;
726 1127 812 1196 paulo
831 1127 913 1196 plura
932 1127 1048 1182 fortasse
1069 1125 1271 1196 expiscabitur,

81 1215 125 1270 cui
145 1213 296 1270 efficaciore
315 1213 519 1270 medicamento
538 1214 582 1270 uti
600 1215 724 1270 licebit”.

117 1305 174 1370 Ea,
193 1320 265 1372 quae
285 1305 443 1373 expiscatus
463 1307 506 1359 est
525 1304 566 1359 st.
587 1323 650 1360 oum
671 1305 743 1360 nihil
762 1307 832 1361 certi
850 1307 1017 1376 praeberent
1035 1305 1063 1358 in
1084 1321 1155 1359 vers.
1168 1303 1272 1369 1-21,

81 1410 130 1463 pro
156 1395 254 1448 tenore
279 1393 362 1448 huius
388 1393 518 1448 editionis
544 1394 632 1448 omisi.
651 1443 653 1452 ,
671 1395 704 1448 ln
730 1395 797 1450 folio
823 1398 918 1450 autem
945 1395 1106 1465 deperdito,
1126 1399 1274 1464 postquam

81 1485 279 1554 argumentum
308 1482 342 1537 de
372 1482 550 1537 testamentis
577 1484 700 1538 militum
728 1485 892 1540 institutum
921 1484 1057 1550 absolvit,
1087 1483 1172 1538 Gaius
1199 1486 1291 1537 tran-'

81 1573 148 1626 sisse
175 1571 287 1626 videtur
311 1572 349 1626 ad
373 1573 415 1638 id,
443 1573 476 1627 de
503 1590 559 1642 quo
584 1573 612 1626 in
633 1573 686 1628 fine
706 1574 789 1628 huius
807 1592 871 1646 pag.
891 1575 966 1645 egit,
985 1573 1061 1644 quod
1080 1575 1277 1644 argumentum

80 1665 123 1717 est
142 1661 190 1716 tit.
209 1662 278 1716 Inst.
298 1678 382 1732 quern
400 1662 476 1716 hisce
496 1663 684 1732 opposuimus.
723 1664 838 1718 Praeter
856 1663 932 1718 huno
953 1663 1071 1718 titulum
1091 1662 1182 1734 (ouius
1201 1663 1276 1716 certe

80 1752 196 1806 initium
225 1751 356 1806 Huschke
385 1755 460 1806 recte
489 1751 602 1806 Gaianis
630 1753 773 1807 Institutis
803 1752 953 1818 adscribit,
983 1752 1057 1821 sapit
1085 1752 1159 1805 enim
1181 1751 1278 1804 stilum

82 1841 150 1907 (lai,
177 1857 266 1910 neque
290 1844 385 1896 tamen
404 1841 503 1896 iisdem
522 1841 613 1896 verbis
632 1860 699 1896 usus
718 1843 810 1896 estin
829 1859 862 1897 eo
881 1843 1038 1912 fragmento
1058 1841 1133 1912 quod
1153 1857 1188 1895 ex
1206 1839 1279 1894 libro

82 1931 165 1986 XVII
190 1931 225 1984 ed
252 1931 335 1985 edict.
362 1949 439 2000 prov.
463 1931 602 2000 profertur
625 1934 643 1984 l.
669 1933 685 1984 6
710 1931 745 1985 D.
768 1933 817 2001 qui
836 1935 901 1988 test.
924 1933 1014 1986 iacere
1035 1951 1063 2001 p.
1085 1933 1142 2003 (28.
1164 1931 1223 2001 1.))
1244 1929 1279 1984 cf.

83 2020 162 2090 Epis.
191 2020 227 2073 II.
258 2021 288 2074 2:
323 2022 378 2074 ›Jc
404 2039 502 2092 quoquc
529 2030 653 2074 stetinum
681 2031 733 2086 cst,
763 2024 833 2092 quod
859 2042 911 2076 uon
940 2025 1056 2076 omuibus
1084 2024 1161 2076 liceat
1189 2022 1279 2087 facere

87 2120 280 2176 testamentum,
309 2121 376 2164 sicut
403 2120 463 2163 suut
490 2113 529 2176 bi,
559 2113 605 2180 qui
629 2113 671 2164 sui
694 2113 760 2164 idria
785 2130 837 2165 non
862 2123 936 2186 suat,
962 2115 1009 2166 sed
1033 2114 1117 2166 alieno
1141 2114 1197 2164 iure
1223 2111 1281 2162 sub·

84 2201 146 2254 iacti
169 2210 243 2265 scrut,
265 2199 319 2254 hoc
344 2202 387 2254 est
412 2199 464 2252 filii
487 2203 544 2253 tam
572 2216 606 2254 ex
630 2200 710 2254 nobis
736 2199 797 2254 nati
821 2218 906 2270 quam
926 2201 1060 2271 adoptivi.
1099 2202 1171 2255 Item
1193 2202 1279 2253 testa·

86 2294 217 2342 mentum
236 2289 326 2343 facere
345 2306 399 2344 nou
420 2291 537 2360 possunt
555 2289 726 2359 impuberes,
745 2290 775 2343 id
793 2294 837 2344 est
856 2291 975 2345 minores
992 2290 1217 2361 quattuordecim
1234 2306 1282 2341 en-

85 2395 188 2433 norum
207 2381 257 2433 aut
275 2379 387 2448 puellae
406 2379 579 2433 duodecim''.
618 2379 744 2449 Denique
763 2379 878 2449 Ulpiani
897 2381 956 2433 XX.
975 2383 1009 2448 ξς
1023 2381 1093 2433 10-
1097 2380 1131 2432 16
1151 2378 1206 2432 huc
1220 2393 1282 2446 per·

85 2469 197 2522 tinent:
218 2468 310 2522 »filius
329 2469 450 2522 familias
469 2471 534 2522 test.
552 2469 642 2523 fecere
659 2486 714 2524 non
730 2472 838 2538 potest;
854 2469 986 2557 quoniam
1003 2468 1075 2522 nihil
1091 2467 1282 2531 suumhabet,

87 2567 121 2612 ut
146 2559 248 2611 testari
267 2558 301 2613 de
319 2576 352 2614 eo
371 2558 468 2628 possit
507 2558 561 2612 Sed
582 2559 662 2613 dirus
682 2559 826 2630 Angustus
846 2549 994 2614 constituit
1013 2558 1085 2612 ntf.
1107 2557 1126 2611 i
1146 2557 1227 2610 miles
1248 2553 1282 2610 de

89 2663 122 2702 eo
149 2647 275 2716 peculio,
302 2648 429 2718 quod1n
456 2648 553 2702 eastris
579 2648 747 2717 adquisivit,
774 2651 974 2704 testamentum
995 2648 1085 2702 facere
1096 2647 1202 2716 possit.
1233 2643 1286 2710 Qui

86 2736 122 2791 de
150 2739 228 2790 statu
252 2754 300 2791 suo
325 2738 449 2792 incertus
475 2739 573 2791 est...
599 2739 802 2792 testamentum
822 2738 912 2792 iacere
931 2755 986 2792 non
1006 2739 1109 2807 potest.
1137 2734 1284 2804 impubes,

85 2827 158 2882 licet
182 2826 225 2880 sui
249 2825 317 2880 iuris
343 2826 394 2892 sit,
419 2827 510 2881 facere
534 2829 646 2881 testam.
668 2845 723 2881 non
743 2830 850 2897 potest,
872 2827 1002 2897 quoniam
1024 2826 1147 2882 nondum
1169 2825 1285 2894 plenum

85 2917 224 2971 iudicium
250 2916 337 2970 animi
361 2916 456 2971 habet.
494 2916 610 2982 Mutus,
637 2917 751 2983 surdus,
774 2917 909 2982 furiosus,
929 2917 1052 2986 itemque
1072 2915 1219 2986 prodigus,
1241 2913 1285 2966 cui

87 3001 154 3077 lege
172 3007 251 3061 bonis
270 3006 453 3060 interdictum
472 3009 529 3070 est,
549 3009 751 3070 testamentum
767 3007 857 3062 facere
874 3024 928 3062 non
946 3010 1078 3076 possunt:
1095 3007 1207 3069 mutus,
1218 3019 1286 3070 quo-

88 3095 168 3150 niam
189 3095 274 3150 verba
292 3096 509 3164 nuncupationis
529 3095 608 3164 loqui
627 3113 682 3150 non
698 3099 806 3165 potest:
827 3096 943 3162 surdus,
964 3096 1096 3165 quoniam
1115 3095 1201 3150 verba
1221 3092 1287 3146 sam.

86 3184 225 3254 emptoris
250 3185 380 3239 exaudire
404 3203 461 3239 non
479 3188 587 3255 potest;
609 3185 743 3252 furiosus,
763 3188 895 3255 quoniam
916 3189 1040 3241 mentem
1059 3183 1234 3248 nonhabet,
1254 3183 1290 3234 ut

87 3274 191 3329 testari
216 3273 250 3328 dc
278 3292 328 3329 sua
351 3291 381 3328 re
406 3275 507 3345 possit3
534 3275 683 3346 prodigus,
710 3276 842 3346 quoniam
861 3275 1025 3332 commercio
1045 3275 1088 3328 illi
1106 3272 1288 3330 interdictum

88 3367 149 3430 est,
176 3365 205 3418 et
228 3364 263 3418 ob
288 3364 317 3417 id
342 3364 479 3418 familiam
504 3366 664 3435 mancipare
687 3383 741 3420 non
773 3369 875 3435 potest.
914 3366 1031 3420 Latinus
1050 3363 1199 3427 Iunianus,
1218 3361 1288 3415 item

87 3453 127 3520 is,
150 3453 200 3522 qui
218 3452 414 3508 dediticiorum
434 3471 549 3509 numero
565 3457 623 3519 est,
640 3457 844 3509 testamentum
862 3455 952 3508 facere
968 3472 1024 3509 non
1040 3456 1143 3524 potest.
1172 3451 1290 3506 Latinus

88 3543 220 3612 quidem,
248 3544 380 3613 quoniam
407 3543 573 3598 nominatim
598 3544 661 3614 lege
687 3543 767 3598 lunia
792 3543 950 3613 prohibitus
969 3545 1034 3608 ·est;
1061 3543 1085 3596 is
1111 3544 1221 3606 autem,
1241 3538 1290 3608 qui

89 3632 287 3687 dediticiorum
312 3649 428 3687 numero
454 3635 510 3697 est,
536 3633 669 3700 quoniam
695 3649 746 3686 nec
770 3632 851 3703 quasi
875 3633 943 3687 ciris
968 3634 1048 3687 Rom.
1069 3632 1168 3688 testari
1183 3632 1291 3701 potest,

89 3739 145 3776 nec
167 3721 248 3792 quasi
266 3723 441 3792 peregrinus,
460 3722 592 3790 quoniam
612 3723 717 3776 nullius
734 3725 826 3777 certae
841 3722 965 3777 civitatis
983 3722 1049 3776 ciris
1066 3725 1121 3788 est,
1140 3723 1174 3776 ut
1194 3737 1289 3774 seeun-

91 3812 161 3866 dum
188 3812 264 3882 leges
284 3811 408 3865 civitatis
428 3828 493 3866 suae
513 3813 642 3866 testetur.
679 3812 823 3879 Feminae,
843 3812 1007 3884 potest[e.tis
1026 3813 1103 3882 suae]
1127 3809 1291 3866 duodecimo

90 3918 167 3956 anno
187 3899 289 3956 aetatis
308 3900 361 3973 (ita
379 3901 457 3972 lego,
477 3918 513 3956 ne
532 3901 598 3970 Ulp.
619 3917 712 3956 seeum
730 3901 789 3972 ipso
805 3904 914 3973 pugnet
928 3901 962 3956 oi.
980 3905 998 3956 l.
1017 3903 1042 3956 b.
1058 3901 1092 3955 D.
1103 3901 1150 3956 tit.
1161 3901 1292 3971 s.l.)tes·

89 3992 221 4045 tamenta
240 3989 328 4045 facere
347 3994 480 4060 possunt,
499 3993 593 4045 tutore
612 3993 738 4059 auctore,
760 3992 849 4047 donec
867 3992 897 4046 in
917 3993 1009 4046 tutela
1027 3992 1121 4047 sunt.”

132 4081 163 4150 1)
184 4079 342 4134 Secundum
363 4079 443 4135 Stud.
464 4079 661 4135 coniecturam.
