3024 4574
232 67 274 133 12
558 83 641 174 men.
653 63 678 131 1.
702 16 937 150 m.§4,t.1v.
961 82 993 129 v.
1016 84 1065 149 pr.

226 261 345 321 cuntur
373 257 429 320 aut
450 253 541 319 fiunt.
587 258 760 319 nascuntur
782 273 821 318 ex
844 250 968 317 ancillis
990 253 1123 316 nostris:
1147 250 1227 316 fiunt
1251 255 1307 317 aut
1328 253 1396 318 iure

226 363 392 449 gentium.
428 361 462 426 id
496 365 543 426 est
573 381 612 426 ex
642 362 847 447 captivitate,
877 362 933 422 aut
963 359 1032 422 iure
1061 357 1170 442 civili,
1201 379 1276 423 cum
1306 357 1399 423 homo
1487 389 1488 398 θ

227 467 309 533 liber
327 469 430 532 maior
448 468 568 554 viginti
587 467 677 531 mnis
695 465 736 530 ad
755 465 896 549 pretium
914 462 1171 549 participandum
1191 483 1258 529 sese
1270 483 1401 531 venum·

226 573 297 638 dari
328 585 440 658 passus
470 577 527 638 est.
574 569 612 636 ln
639 590 802 636 servorum
826 568 1008 634 condicione
1029 567 1119 635 nulla
1142 568 1318 638 differentia
1341 575 1399 635 est.
1440 595 1450 637 s

225 679 268 742 In
298 678 407 744 liberis
430 677 552 744 multae
576 676 769 742 differentiae
792 678 884 740 sunt:
910 679 966 740 aut
989 676 1073 739 enim
1096 677 1230 763 ingenui
1252 681 1328 741 sunt
1348 682 1403 742 aut

229 783 382 866 libertini.
881 825 884 832 ι

787 899 851 966 ΠΙΙ
941 989 949 1000 ι

686 1021 737 1081 Dll'
759 1019 944 1081 monulus

273 1143 432 1253 ingenuus
464 1166 493 1230 is
523 1168 587 1244 est,
617 1167 672 1250 qui
695 1166 807 1232 statim
829 1168 866 1230 ut
888 1168 983 1230 natus
1006 1167 1054 1230 est
1076 1163 1159 1232 liber
1182 1171 1249 1248 est,
1273 1167 1341 1233 sive
1363 1185 1403 1230 ex
1488 1169 1489 1178 ’

136 1357 138 1362 ι
225 1271 352 1337 duobus
373 1272 525 1358 ¹ingenuis
547 1272 753 1337 matrimonio
777 1269 899 1354 editus,
922 1270 989 1337 sive
1013 1290 1052 1336 ex
1074 1268 1250 1352 libertinis,
1274 1273 1342 1336 sive
1365 1291 1405 1336 ex
1488 1341 1489 1346 ,

224 1376 327 1442 altero
349 1374 498 1443 libertino
521 1377 621 1444 altero
640 1381 789 1468 ingenuo.
838 1376 893 1445 sed
916 1382 948 1442 ot
971 1378 999 1445 si
1022 1377 1157 1460 quisex
1180 1381 1282 1442 matre
1303 1376 1405 1447 libera

227 1487 391 1561 nascatur,
416 1489 505 1569 patre
525 1504 631 1560 servo,
652 1487 810 1572 ingenuus
830 1481 932 1549 nihilo
950 1485 1059 1548 minus
1076 1483 1232 1546 nascitur:
1254 1481 1411 1567 quemadz

224 1588 359 1654 modum
382 1590 438 1674 qui
461 1609 499 1654 ex
518 1594 621 1656 matre
640 1590 741 1656 libera
758 1595 790 1655 et
811 1591 931 1654 incerto
950 1591 1151 1674 patronatus
1170 1591 1236 1670 est,
1253 1589 1405 1673 quoniam
1489 1645 1490 1650 ,

224 1693 328 1781 vulgo
357 1699 525 1780 conceptus
548 1701 606 1762 est.
653 1695 771 1761 sufficit
793 1700 902 1760 autem
927 1694 1063 1760 liberam
1085 1693 1183 1758 fuisse
1205 1697 1344 1758 matrem
1368 1713 1405 1759 eo

224 1805 369 1884 tempore
392 1820 453 1885 quo
475 1804 633 1876 nascitur,
657 1801 734 1867 licet
757 1799 873 1868 ancilla
896 1803 1080 1888 conceperit.
1129 1804 1161 1866 et
1184 1820 1223 1864 ex
1247 1801 1406 1864 contrario

226 1908 257 1970 si
278 1904 379 1970 libera
402 1910 596 1993 conceperit,
621 1908 735 1974 deinde
754 1905 869 1975 ancilla
887 1906 971 1972 facta
990 1907 1110 1991 pariat,
1130 1904 1251 1991 placuit
1263 1925 1338 1969 eum
1351 1905 1409 1991 qui

226 2013 370 2078 nascitur
391 2010 531 2079 liberum
553 2015 658 2090 nasci,
683 2015 758 2097 quia
780 2032 843 2078 non
867 2011 960 2078 dehet
983 2010 1148 2078 calamitas
1170 2012 1283 2076 matris
1303 2012 1333 2075 ei
1352 2030 1407 2076 no-

225 2137 316 2190 cere,
339 2118 395 2200 qui
418 2118 452 2182 in
474 2123 565 2183 utero
589 2123 646 2183 est.
682 2139 721 2182 ex
739 2117 791 2184 his
810 2121 842 2183 et
862 2115 944 2182 illud
965 2117 1145 2202 quaesitum
1165 2121 1229 2193 est,
1252 2115 1410 2182 sianoilla

222 2241 402 2308 praegnans
432 2225 630 2289 manumissa
660 2226 718 2300 sit,
752 2224 865 2290 deinde
888 2221 1004 2288 ancilla
1024 2227 1134 2308 postea
1156 2221 1240 2286 facta
1262 2222 1405 2306 peperit,

226 2326 367 2392 liberum
390 2348 431 2392 an
444 2351 582 2395 servum
605 2327 728 2417 pariat?
751 2335 783 2395 et
805 2311 979 2394 Marcellus
1001 2327 1115 2414 probat
1136 2326 1275 2392 liberum
1298 2329 1406 2392 nasci:

226 2431 344 2498 sufficit
375 2436 461 2500 enim
493 2437 522 2502 ei
553 2438 609 2523 qui
638 2439 672 2501 in
699 2441 809 2503 ventre
833 2440 881 2501 est
903 2435 1039 2500 liberam
1061 2437 1199 2498 matrem
1222 2431 1275 2498 vel
1298 2432 1407 2498 medio
1490 2427 1491 2490 ἶ

226 2544 368 2624 tempore
400 2540 564 2608 habuisse:
599 2542 683 2628 quod
706 2547 738 2607 et
762 2563 875 2608 verum
899 2544 959 2606 est.
1005 2535 1089 2605 (ium
1112 2543 1221 2604 autem
1244 2541 1405 2626 ingenuus
1451 2559 1461 2602 ι

226 2644 343 2730 aliquis
372 2651 467 2712 natus
497 2649 556 2725 sit,
590 2669 651 2714 non
685 2647 783 2716 officit
814 2647 865 2714 illi
888 2649 922 2714 in
945 2648 1100 2712 servitute
1122 2645 1219 2710 fuisse
1242 2649 1274 2712 et
1296 2649 1408 2730 postea

225 2754 460 2817 manumissum
491 2772 575 2818 essa:
606 2755 790 2838 saepissime
820 2755 907 2818 enim
939 2754 1150 2818 constitutum
1173 2753 1221 2814 est
1243 2749 1407 2815 natalibus

224 2875 292 2920 non
314 2855 436 2922 officere
458 2857 754 2924 manumissionem.

22 3053 113 3114 „N
458 2990 460 2994 Ι
805 3035 833 3102 V

120 3011 319 3272 N
664 3187 967 3250 nuumuurmm.

269 3319 450 3397 Libertini
463 3341 545 3400 suut
555 3378 565 3419 ,
577 3327 638 3426 qui
652 3354 695 3398 ex
706 3329 795 3401 iusta
810 3327 976 3418 servitute
991 3326 1196 3399 manumissi
1209 3337 1303 3398 sunt.
1333 3325 1408 3393 Ma·

222 3408 391 3536 numissioi
407 3448 516 3510 autem
539 3446 587 3508 est
610 3441 696 3508 datio
718 3441 891 3510 libertatis:
915 3461 991 3508 nam
1014 3440 1168 3528 quamdiu
1191 3443 1262 3527 quis
1283 3443 1318 3506 in
1342 3462 1407 3507 ser·

225 3542 329 3608 vitute
353 3537 421 3626 est,
440 3549 551 3614 manui
573 3553 606 3614 et
624 3549 775 3633 potestati
792 3548 975 3632 suppositus
995 3552 1061 3631 ost,
1082 3551 1114 3612 et
1131 3549 1349 3618 manumissus
1367 3545 1408 3612 li-

218 3646 348 3712 beratur
375 3669 395 3734 p
420 3658 543 3720 testate.
590 3674 670 3738 quae
692 3673 742 3720 res
764 3674 783 3719 a
804 3655 874 3718 iure
896 3655 1045 3740 gentium
1068 3655 1226 3740 originem
1246 3653 1409 3738 sumpsit,

150 3791 152 3796 -
221 3756 333 3837 utpote
366 3775 383 3819 c
473 3762 544 3825 iure
573 3757 713 3825 naturali
742 3751 850 3848 omnes
880 3757 973 3824 liberi
1003 3765 1205 3827 nascerentur
1222 3775 1290 3823 'nec
1324 3762 1411 3823 esset

218 3863 296 3924 uota
318 3879 394 3925 man
456 3866 547 3943 issio,
573 3885 647 3930 cum
669 3867 805 3930 servitus
828 3869 909 3929 esset
927 3865 1108 3952 incognita:
1128 3865 1182 3930 sed
1198 3868 1410 3950 posteaquam

218 3964 290 4028 iure
309 3970 461 4052 genuum
479 3972 617 4038 servitus
636 3971 773 4048 invasit,
794 3975 939 4036 secutum
959 3975 1007 4036 est
1025 3967 1214 4035 beneficium
1231 3971 1410 4036 manumis-

218 4070 326 4136 sionis.
375 4076 407 4137 et
446 4098 520 4145 cum
553 4096 616 4144 uno
649 4075 789 4143 naturali
822 4077 955 4142 nomine¹
979 4075 1125 4142 homines
1156 4075 1414 4164 appellaremur‚
