3024 4574
178 45 223 114 24
555 65 638 114 rosn.
652 47 677 111 Ι.
701 65 732 112 v.
745 48 763 132 ᾖ
776 45 807 112 3.
831 64 872 112 vr.
890 47 934 130 §i
948 48 977 112 l.

215 233 453 300 libertinorum
473 242 583 302 antem
603 241 707 302 status
728 236 908 322 tripertitus
930 239 1024 301 antea
1046 234 1165 300 lucrat:
1188 255 1264 300 nam
1288 235 1344 318 qui
1366 254 1379 298 a
1494 227 1495 278 ἒ

117 357 118 364 ’
171 341 496 419 manumittebantur,
529 342 623 408 modo
656 341 810 408 maiorem
841 345 875 408 et
898 341 1017 416 iustam
1040 334 1222 406 libertatem
1246 359 1349 405 conse·

174 446 350 531 quebantnr
380 450 413 514 st
442 444 560 512 fiebant
587 449 672 536 cives
703 445 852 524 Romani,
885 445 978 519 modo
1009 446 1166 512 minorem
1190 449 1222 510 et
1243 443 1352 510 Latini

155 572 214 621 :cx
243 549 315 639 legs
347 550 440 618 Iunia
468 551 616 618 Norbana
638 549 772 637 fiebant,
796 545 891 616 modo
916 543 1097 618 inferiorern
1120 556 1153 616 et
1175 547 1293 616 fiebant
1313 569 1354 614 ex

153 655 246 743 lege
267 655 359 722 Aelia
382 655 492 724 Sentis
515 657 739 724 dediticiorum
759 674 903 722 numero.
949 654 1012 724 aad
1036 655 1259 724 dediticiorum
1281 657 1352 740 qui·

153 761 248 827 tem
277 765 415 849 pessima
446 763 586 830 condicio
610 765 676 828 iam
699 784 737 828 ex
760 760 874 827 multis
898 763 1094 848 temporibus
1116 764 1151 828 in
1173 760 1353 828 desuetudi-

172 883 247 934 nem
269 868 367 954 abiit,
386 868 574 936 Latinorum
598 887 674 936 vcro
695 885 810 934 nomen
833 887 895 934 non
918 867 1194 953 frequentabatur:
1217 867 1352 952 ideoque

174 977 280 1038 nostra
312 975 415 1058 pietas
449 977 557 1040 omnia
591 985 709 1065 augere
738 979 770 1040 et
801 975 836 1038 in
865 972 1032 1040 meliorem
1061 978 1183 1038 statum
1205 972 1353 1038 reducere

174 1073 353 1144 desidcraus
375 1081 409 1144 iu
432 1078 554 1146 duabus
576 1078 856 1147 constitutionibus
877 1077 937 1144 hoc
960 1077 1141 1146 emendavit
1164 1082 1197 1148 et
1222 1079 1256 1143 in
1274 1079 1353 1164 pris-

173 1183 280 1248 tinum
302 1187 425 1250 statum
446 1185 593 1264 reduxit,
617 1188 691 1272 quia
714 1190 747 1251 et
769 1187 920 1271 oprimis
939 1185 1027 1250 urbis
1046 1182 1169 1250 Romam
1188 1181 1353 1248 cunabulis

174 1307 238 1352 una
266 1293 361 1374 atque
390 1292 526 1377 simplex
554 1291 685 1357 libertae
715 1291 930 1376 competebat,
961 1290 995 1355 id
1026 1295 1074 1356 ast
1103 1289 1231 1368 eadem,
1256 1308 1353 1374 quam

134 1483 136 1488 Ι
175 1393 311 1460 habebnt
334 1398 562 1475 manumissor,
586 1399 650 1462 uisi
672 1397 755 1481 quod
778 1395 900 1462 scilicet
923 1395 1091 1462 libertinus
1112 1392 1151 1460 fit
1168 1397 1224 1480 qni
1241 1415 1352 1460 manu-

174 1499 334 1574 mittitur,
365 1500 441 1566 licat
466 1505 678 1568 manumissor
700 1504 859 1590 ingennus
882 1501 935 1565 sit.
982 1505 1013 1566 et
1035 1501 1201 1576 dediticios
1221 1500 1353 1586 quidem

171 1623 227 1690 per
246 1607 504 1672 constitutionem
523 1607 722 1693 expulimus,
739 1626 836 1692 quam
847 1605 1125 1694 promulgavimus
1135 1608 1352 1671 intcrncstraa
1376 1629 1379 1634 ·

175 1709 362 1787 decisiones,
395 1731 451 1798 per
481 1733 558 1798 quas
587 1719 777 1802 suggerente
805 1713 895 1777 nobis
926 1709 1117 1777 'triboniano
1139 1713 1209 1778 viro
1230 1709 1353 1778 excelso

175 1820 339 1900 quaestore
363 1818 487 1903 antiqui
509 1820 588 1884 iuris
607 1817 825 1884 altercationes
844 1815 1059 1902 placavimus:
1095 1815 1224 1882 Latinos
1242 1819 1352 1882 autem

148 1914 318 2007 'Iunianos
352 1926 385 1988 ct
418 1943 546 1991 omnem
579 1945 659 2010 quae
693 1926 775 1988 circa
807 1941 860 1988 cos
890 1922 994 1990 fuerat
1024 1923 1257 1989 observantiam
1289 1921 1353 1988 alia

172 2027 396 2094 constitutione
427 2050 484 2114 per
514 2030 657 2095 eiusdem
680 2030 854 2115 quaestoris
878 2031 1117 2117 suggestionem
1140 2030 1350 2104 correximus,

176 2150 256 2215 quaa
278 2132 362 2196 inter
383 2135 563 2218 imperiales
579 2135 688 2200 'radiat
710 2136 900 2211 sanctiones,
926 2138 958 2198 et
980 2154 1088 2199 ornnes
1110 2133 1241 2200 libertos
1264 2131 1352 2198 nullo

172 2256 229 2300 nse
249 2239 362 2302 aetatis
380 2242 570 2305 manumissi
588 2261 645 2304 nec
666 2239 801 2328 dominii
812 2241 1052 2306 manumissoris
1063 2241 1166 2304 necin
1178 2240 1351 2303 manumis

171 2343 268 2407 sionis
287 2344 382 2410 modo
403 2344 585 2411 discrimine
602 2345 726 2429 habito,
745 2345 840 2411 sicuti
854 2330 951 2412 ¹antea
962 2344 1206 2421 observabatur,
1221 2345 1352 2411 civitate

168 2444 312 2512 Romana
335 2448 541 2516 donavimus:
565 2451 679 2517 multis
698 2450 813 2516 additis
833 2452 937 2518 modis
956 2472 1012 2537 per
1022 2471 1099 2536 quos
1110 2453 1210 2535 possit
1222 2447 1365 2516 libertas.

171 2555 270 2618 servis
282 2574 356 2620 cum
368 2558 498 2622 civitate
511 2554 672 2634 Romana,
686 2577 765 2642 quae
777 2555 844 2622 sola
855 2557 890 2622 in
901 2560 1054 2642 praesent
1070 2562 1134 2634 est,
1148 2557 1310 2642 praestari.

738 2705 791 2802 vr'.

242 2913 309 2983 QUI
329 2914 464 2985 QUIBUS
485 2915 535 2975 EX
555 2913 683 2974 canals
706 2915 984 2976 MANUMITTERE
1005 2915 1087 2974 NON
1106 2913 1283 2974 Possunt

218 3067 302 3142 Non
330 3081 446 3142 tamen
473 3072 682 3170 cuicumque
708 3071 840 3145 volenti
866 3073 1112 3146 manumittere
1136 3069 1231 3141 licet.
1272 3094 1352 3139 nam

169 3181 200 3250 is
230 3184 352 3280 quiin
379 3183 538 3256 fraudem
566 3185 779 3257 creditorum
805 3185 1021 3256 manumittit
1045 3183 1131 3254 nihil
1155 3183 1248 3282 agit,
1271 3171 1354 3280 qula

170 3293 229 3365 lex
254 3295 358 3366 Aelia
384 3295 508 3368 Sentis
533 3296 680 3394 impedit
704 3297 914 3369 libertatem.
964 3299 1055 3364 Licet
1077 3305 1185 3363 autem
1205 3297 1347 3374 domino,
1376 3317 1388 3361 r

172 3411 228 3492 qui
259 3409 408 3477 solvendo
436 3431 499 3477 non
529 3417 593 3490 est,
620 3418 811 3479 testamento
837 3433 965 3478 servum
989 3431 1084 3477 suum
1109 3431 1182 3474 cum
1205 3407 1354 3482 libertate

176 3513 325 3581 heredem
355 3520 537 3595 instituere,
570 3525 607 3583 ut
637 3515 693 3583 fiat
722 3517 803 3584 liber
824 3519 976 3603 heresque
1000 3520 1029 3582 ei
1052 3517 1137 3582 solus
1161 3520 1193 3580 et
1215 3533 1355 3580 necessa·

118 3701 121 3707 Ι
172 3621 254 3699 rius,
280 3625 307 3686 si
330 3624 424 3689 modo
448 3643 541 3688 nemo
565 3624 647 3691 alius
672 3645 712 3690 ex
733 3645 770 3691 eo
792 3629 982 3690 testamento
1005 3624 1095 3688 heres
1116 3622 1277 3694 extiterit,
1297 3623 1355 3684 aut

174 3727 248 3809 quia
270 3747 363 3796 nemo
385 3729 476 3794 heres
499 3731 634 3814 scriptus
658 3733 716 3806 sit,
744 3735 800 3794 aut
824 3731 898 3814 quia
920 3732 948 3794 is
971 3732 1027 3814 qui
1050 3729 1186 3813 scriptus
1209 3730 1257 3792 cst
1279 3744 1355 3811 qua·
1396 3721 1400 3728 '

171 3829 252 3896 libet
287 3855 325 3899 ex
360 3856 454 3900 causa
487 3834 577 3900 heres
612 3855 674 3900 non
709 3837 862 3900 extiterit.
907 3835 1002 3920 idque
1034 3834 1145 3900 eadem
1167 3831 1238 3919 lege
1261 3826 1356 3907 Aelia

172 3933 283 4003 Sentis
313 3944 478 4026 provisum
511 3945 558 4006 est
582 3945 614 4007 et
637 3945 739 4006 recte:
764 3939 856 4007 valde
880 3941 965 4004 enim
987 3939 1244 4028 prospiciendum
1266 3939 1352 4011 erat,

172 4049 210 4106 ut
242 4052 371 4132 egentes
401 4048 563 4130 homines,
595 4047 710 4134 quibus
740 4046 822 4130 alius
852 4046 942 4111 heres
973 4051 1137 4136 extenturus
1151 4135 1154 4140 Ι
1167 4065 1230 4110 non
1253 4045 1354 4124 essct,
