2890 4616
59 86 63 96 .
179 26 245 98 312
583 45 668 97 meu.
687 27 741 96 IV.
766 25 983 114 uus-11.
1115 75 1119 80 -

177 219 278 304 possit
309 223 487 305 eorrumpi,
515 221 580 286 tale
611 218 734 283 facinus
764 239 783 283 a
813 217 1005 303 quibusdam
1028 219 1240 302 pemetretur.
1285 214 1376 284 ln-e

176 330 314 402 tendum
348 333 452 402 etiam
485 330 678 402 liberorum
715 329 898 400 hominum
933 329 1064 401 tin-tum
1098 327 1159 420 fit,
1197 327 1306 400 veluti
1332 329 1358 398 si

176 445 256 533 quis
293 443 485 514 liberorum
518 455 737 529 nostrorum,
773 443 834 540 qui
867 444 904 512 in
938 436 1125 540 potestate
1144 451 1264 512 nostru
1303 442 1362 533 sit,

178 557 363 653 subreptus
397 555 513 630 suerit.
565 555 773 653 Aliquando
798 566 914 627 autem
940 561 1044 627 etium
1071 581 1154 627 suue
1180 557 1234 626 rei
1255 555 1391 652 quis-u

178 695 246 766 que
280 670 408 740 furtum
436 670 643 760 committit,
669 667 777 739 veluti
801 670 831 740 si
857 667 997 740 debitor
1021 695 1115 757 rem,
1141 695 1248 766 quam
1274 693 1362 738 ere-

179 781 285 853 ditori
311 784 471 882 pignoris
497 809 603 853 causa
629 780 747 866 dedit,
775 781 998 888 subtraxerit.

227 894 412 966 Interdum
447 896 532 965 furti
561 905 720 987 tenetur,
754 897 813 992 qui
848 897 923 991 ipse
957 895 1087 966 furtum
1118 922 1190 966 non
1220 895 1394 967 feeerittu

177 1007 292 1106 qualis
326 1019 398 1093 est,
434 1009 533 1079 euius
564 1035 630 1105 ope
657 1020 692 1079 et
717 1009 867 1079 consilio
893 1009 1025 1080 furtum
1050 1008 1182 1079 suetum
1212 1020 1278 1080 est.
1331 1010 1366 1076 in

179 1147 249 1219 quo
286 1147 433 1192 numero
465 1135 533 1206 est,
562 1122 623 1220 qui
647 1120 712 1191 tibi
739 1148 902 1192 nummos
927 1123 1098 1211 excussit,
1124 1135 1162 1192 ut
1187 1122 1279 1193 alins
1307 1148 1366 1193 eos

178 1243 337 1329 reperet,
377 1247 437 1304 aut
471 1233 608 1304 obstitit
644 1232 728 1317 tibi,
764 1245 803 1304 ut
833 1234 923 1305 alius
949 1261 1024 1306 rem
1049 1248 1144 1305 tuum
1171 1237 1367 1332 exciperet,

177 1345 234 1418 vel
268 1372 356 1417 oves·
385 1358 445 1420 aut
477 1345 588 1417 boves
623 1357 699 1418 tuas
725 1347 923 1444 fugaverit,
948 1357 988 1417 ut
1012 1347 1101 1418 alius
1127 1373 1187 1418 eas
1213 1349 1367 1443 excipe-

176 1469 246 1528 ret:
280 1468 315 1529 et
347 1457 417 1530 ime
450 1469 588 1531 veteres
619 1461 836 1558 seripserunt
868 1459 913 1531 de
938 1487 1001 1553 eo,
1026 1463 1086 1559 qui
1112 1487 1232 1560 panno
1256 1459 1366 1531 rubro
