2880 4614
206 31 273 101 292
573 49 657 101 rusr.
679 29 736 98 111.
760 47 863 98 xxm.
885 27 1033 116 §52-7.

205 225 279 311 pilli
308 223 361 294 rel
390 243 448 310 pro
478 243 515 288 eo
541 222 639 288 fuerit
669 221 831 310 obligatus
861 226 917 287 aut
939 242 1008 288 rem
1032 239 1123 286 suam
1148 217 1292 284 creditori
1312 220 1368 283 eius

207 331 407 419 obligaverit.
453 329 535 395 Item
559 329 587 394 si
609 330 693 394 inter
715 327 837 414 aliquos
860 331 1039 394 eommunis
1062 328 1104 392 sit
1126 346 1176 392 res
1199 328 1266 391 sine
1287 329 1384 390 socies

205 442 289 515 tate,
324 437 428 503 veluti
462 434 544 520 quod
578 435 696 520 pariter
730 436 776 500 eis
804 434 912 522 legata
942 433 1096 500 donatave
1128 438 1224 510 esset,
1251 438 1282 497 et
1304 431 1371 496 alter

207 564 318 610 eorum
345 542 437 608 alteri
466 541 537 610 ideo
567 545 712 608 teneatur
740 541 904 606 eommuni
934 539 1109 606 dividundo
1139 540 1274 617 iudioio,
1302 539 1373 624 quod

206 647 292 717 solus
319 649 441 715 frustm
465 670 503 714 ex
526 668 562 712 ea
585 668 618 712 re
641 648 832 733 perceperit,
858 651 915 712 aut
937 647 1020 732 quod
1044 648 1146 712 sotius
1169 649 1238 712 eius
1260 648 1294 710 in
1315 665 1373 710 ean

205 776 274 822 rem
304 755 495 820 necessarias
526 755 685 839 impensas
714 753 840 818 feeerit:
872 773 935 818 non
964 751 1165 840 intellegitur
1195 756 1320 840 proprie
1344 773 1374 817 er

206 866 370 930 contractu
404 857 565 946 obligatus
599 879 683 944 esse,
720 862 836 945 quippe
865 859 949 925 nihil
978 862 1062 926 inter
1091 881 1124 926 se
1147 866 1374 926 contraxerunt:

205 970 259 1036 sed
291 970 366 1053 quia
394 987 457 1033 non
488 986 527 1032 ex
558 964 715 1032 maleficio
745 971 883 1038 tenetur,
915 970 1005 1052 quasi
1035 988 1073 1032 ex
1101 971 1265 1032 contractu
1286 968 1376 1032 teneri
1423 1027 1425 1050 2

206 1076 345 1144 videtur.
391 1073 480 1140 Idem
502 1066 588 1138 'iuris
619 1078 667 1138 est
698 1072 736 1138 de
767 1094 821 1147 eo.
847 1075 903 1160 qui
926 1072 1071 1140 ooheredi
1094 1093 1151 1138 suo
1174 1070 1318 1138 familiae
1340 1093 1390 1138 ert

206 1181 373 1249 oisoundas
401 1180 521 1247 iuditio
551 1199 590 1244 ex
618 1179 669 1244 his
699 1182 802 1246 tausis
833 1179 995 1267 obligatus
1026 1185 1083 1244 est.
1129 1177 1230 1244 Heres
1262 1199 1392 1263 quoquot

205 1287 387 1377 legatorum
408 1288 538 1352 nomine
560 1306 624 1352 non
646 1289 771 1371 proprie
795 1307 834 1351 ex
857 1291 1020 1352 ooutrsetu
1043 1285 1205 1373 obligatus
1227 1284 1378 1372 intellegi·

207 1401 329 1461 tur-
350 1413 452 1479 neque
487 1394 574 1457 enim
608 1412 683 1457 oum
717 1392 830 1458 herede
864 1413 966 1477 neque
996 1413 1070 1457 eum
1102 1392 1251 1458 defuneto
1281 1391 1378 1458 ullum

207 1502 376 1589 negotium
403 1497 576 1586 legatarius
607 1501 741 1586 gessisse
764 1501 887 1584 proprie
910 1499 973 1564 diei
995 1503 1099 1584 potest
1123 1515 1184 1561 -τ
1205 1503 1238 1562 et
1262 1504 1378 1571 tamen,

209 1611 285 1694 quia
316 1627 355 1672 ex
385 1604 541 1671 maledicio
570 1625 632 1670 non
662 1610 711 1670 est
733 1604 894 1692 obligatus
917 1605 1024 1682 heres,
1050 1607 1141 1689 quasi
1163 1626 1202 1670 ex
1225 1609 1380 1669 contractu

207 1714 321 1779 debere
342 1710 550 1798 intellegitur.
587 1709 668 1776 Item
691 1713 736 1788 is,
762 1714 815 1776 eui
838 1714 910 1796 quis
929 1732 984 1797 per
1003 1731 1140 1776 errorem
1157 1731 1220 1776 non
1242 1710 1397 1775 debitunt

210 1818 324 1894 solvit,
348 1819 438 1903 quasi
462 1838 501 1912 en
524 1821 686 1883 eontraetu
709 1816 821 1882 debere
839 1816 976 1882 videtur.
1012 1817 1089 1883 adeo
1109 1819 1196 1883 enim
1214 1837 1278 1882 non
1297 1815 1380 1881 intel·

208 1923 330 2013 legitur
347 1914 472 2010 proprie
491 1944 530 1989 ex
547 1928 710 1990 contractu
730 1922 908 2010 obligatus,
929 1928 985 2001 ut,
1007 1926 1035 1989 si
1054 1927 1221 1990 certiorem
1233 1925 1382 1988 rationem

209 2051 394 2114 sequamur,
418 2032 523 2118 magis
545 2035 583 2094 ut
607 2049 702 2114 supra
724 2030 866 2094 diximus
889 2050 929 2095 ex
952 2030 1123 2108 diotrepto,
1143 2050 1239 2116 quam
1260 2050 1299 2094 ex
1320 2050 1383 2095 eon·

210 2139 315 2202 tractu
337 2138 437 2221 possit
459 2135 523 2202 diei
546 2135 708 2223 obligatus
731 2153 815 2202 esse:
840 2137 990 2221 namqui
1008 2136 1151 2203 solvendi
1171 2138 1278 2202 animo
1298 2157 1383 2222 peeu·

209 2244 298 2310 niem
329 2241 401 2327 dat,
431 2244 466 2307 in
496 2242 555 2307 hoo
585 2242 658 2307 dare
689 2243 831 2317 videtur,
855 2247 894 2308 ut
916 2243 1072 2308 distrahat
1092 2244 1199 2328 potius
1221 2245 1381 2330 negotium

210 2369 307 2434 quam
336 2347 509 2414 contrahat.
556 2349 610 2414 sed
640 2355 746 2415 tamen
778 2349 908 2435 proinde
933 2351 962 2414 is
985 2352 1042 2434 qui
1064 2351 1186 2436 aeoepit
1208 2347 1381 2438 obligatur,

209 2476 245 2522 ae
280 2458 308 2520 si
341 2459 493 2520 mutuum
523 2453 575 2519 illi
606 2454 750 2534 daretur,
782 2463 815 2520 et
843 2455 915 2542 ideo
938 2456 1134 2523 condictione
1157 2462 1292 2522 tenetur.
1340 2455 1395 2521 lirr

210 2561 401 2647 quibusdem
431 2568 539 2626 tamen
571 2563 674 2626 oausis
703 2564 803 2646 repeti
833 2582 896 2627 non
919 2570 1041 2646 potest,
1067 2562 1150 2647 quod
1173 2582 1229 2646 per
1253 2582 1384 2627 errorem

207 2688 271 2734 non
301 2667 445 2733 debitum
478 2667 622 2731 solutum
656 2667 709 2732 sit.
757 2671 802 2733 sie
836 2688 971 2754 namque
1006 2666 1216 2734 definiverunt
1250 2673 1381 2732 veteres:

210 2795 248 2840 ex
290 2774 404 2859 quibus
445 2776 548 2838 causis
588 2772 753 2840 infitiando
788 2773 829 2840 lis
864 2778 993 2852 erescit,
1030 2796 1069 2840 ex
1102 2774 1154 2839 his
1189 2776 1292 2839 oausis
1330 2795 1383 2839 non

209 2881 356 2946 debitum
378 2878 518 2945 solutum
541 2883 642 2966 repeti
665 2901 728 2946 non
748 2901 859 2967 posse,
876 2882 981 2948 veluti
1000 2903 1037 2947 ex
1056 2879 1129 2968 lege
1148 2880 1298 2965 Aquilia,
1311 2883 1381 2944 item

210 3008 248 3052 ex
279 2985 406 3074 legato,
439 2986 523 3071 quod
553 2992 675 3052 veteres
706 2987 835 3072 quidem
865 2990 899 3052 in
929 2987 980 3054 his
1005 2986 1123 3075 legatia
1144 2986 1253 3053 loeum
1275 2985 1382 3052 habere

209 3089 396 3176 voluerunt,
428 3112 508 3176 quae
539 3099 624 3157 serta
655 3096 826 3159 constituta
854 3115 910 3179 per
940 3094 1177 3160 damnationem
1201 3095 1382 3178 cuicumque

210 3198 336 3264 fuerant
357 3197 482 3285 legata:
505 3204 613 3264 nostra
630 3204 739 3264 autem
758 3202 942 3266 consttutio
961 3221 1035 3265 aum
1054 3220 1151 3265 uuam
1162 3206 1312 3265 naturam
1324 3220 1380 3264 om·

208 3304 303 3372 nibus
325 3303 441 3392 legatis
465 3307 498 3369 et
520 3303 773 3371 fideicommissis
795 3305 947 3391 indulsit,
969 3306 1155 3373 huiusmodi
1177 3310 1379 3394 augmentum

207 3414 243 3479 in
274 3411 423 3478 omnibus
452 3410 570 3499 legatis
598 3417 632 3477 et
660 3410 914 3496 fideicommissis
945 3411 1073 3478 extendi
1103 3411 1225 3478 voluit:
1251 3411 1378 3478 sednon
1428 3437 1429 3460 ι

211 3519 360 3585 omnibus
383 3517 546 3606 legatariis
569 3519 733 3603 praebuit,
758 3519 812 3584 sed
835 3519 1115 3607 tantummodum
1141 3519 1193 3583 his
1215 3514 1332 3606 legatis
1352 3521 1377 3580 et

209 3623 480 3700 fideicommissis,
504 3644 583 3710 quae
606 3626 811 3692 saerosanctis
834 3623 975 3692 molestis
997 3626 1191 3710 eaeterisque
1203 3621 1376 3690 venerabili·

211 3730 272 3795 bus
299 3730 395 3815 loeis,
426 3751 512 3816 quae,
537 3729 702 3818 religionis
728 3728 782 3798 rel
811 3730 940 3818 pietatis
970 3729 1093 3797 intuitu
1122 3728 1374 3805 honorificantur,

212 3835 362 3901 derelicta
381 3842 473 3917 sunt,
498 3856 578 3922 quas
601 3840 629 3903 si
651 3837 794 3904 indebita
816 3836 996 3918 solvantur,
1019 3858 1082 3904 non
1104 3843 1298 3924 repetuntm.
