2930 4596
426 139 429 146 Ι
485 62 541 113 aar
562 45 604 113 ΙΙ.
627 47 664 133 §§
681 45 875 114 220-224.
1189 43 1254 111 135

82 237 152 304 iura
174 235 304 323 quidem
327 233 419 314 civili
440 232 557 300 inutile
580 235 642 300 erit
662 232 825 323 legatum,
844 235 901 300 sed
919 255 959 301 ex
978 233 1287 323 emaltmoousultos
1334 231 1399 300 111

84 340 329 408 confirmabitur.
370 339 489 425 Aliquo
520 343 628 406 tamm
656 360 732 405 casu
765 342 864 408 etiam
884 343 890 426 Ι
911 340 1048 408 alienam
1079 323 1400 424 ram1[per]a¹⁰⁰'⁸)

82 450 332 534 praeceptionem
363 445 466 534 legari
495 464 586 530 posse
616 445 774 524 fatentur,
795 445 802 532 Ι
822 446 925 513 veluti
954 449 1078 533 siquis
1101 467 1173 514 aem
1195 467 1291 514 reme

80 553 255 642 legaverit,
278 573 373 638 qnam
397 550 547 618 creditori
569 549 714 629 tidncitas
730 571 826 618 cansa
844 553 1005 638 mancipio
1024 551 1163 629 dederit3
1185 573 1287 619 neme

81 658 184 726 officio
197 659 314 724 iudicis
326 655 504 736 eotbsredes
516 658 589 746 cogi
600 677 691 743 posse
702 660 899 742 existimant,
907 655 1046 724 solutam
1057 659 1226 744 pecuniam
1246 657 1253 743 Ι
1272 676 1288 724 c

80 765 203 834 solvere
222 785 294 832 eam
311 783 380 830 rem
391 759 431 848 (i)
445 766 482 846 Ι),
500 767 539 828 ut
553 765 654 848 possit
670 766 850 849 praecipere
869 766 897 829 is
914 766 967 829 cui
977 765 1025 829 ita
1036 761 1193 854 legaitum
1205 765 1258 828 sit.
1271 784 1323 843 r‚e

29 868 68 955 tl)
125 869 190 936 Sed
219 871 363 936 diversae
391 865 517 936 scholae
547 873 692 934 auctores
722 875 856 954 putant,
887 871 987 935 etiam
1018 875 1180 962 extratneo
1206 888 1287 955 pere

77 978 332 1062 praeceptionem
354 972 458 1062 legari
476 992 585 1058 posse,
604 974 734 1060 perinde
752 995 788 1040 ac
806 976 834 1040 si
854 977 902 1040 ita
920 975 1107 1061 scrilbatur:
1132 973 1260 1052 „Titius
1272 995 1298 1041 to

78 1081 244 1148 hominem
278 1079 428 1146 Stichum
463 1077 585 1164 capito’'
619 1099 815 1165 supervacuo
843 1079 978 1174 aditecta
1008 1101 1082 1166 prae
1117 1079 1259 1167 syllaba:
1272 1101 1298 1146 n

78 1187 213 1272 ideoque
234 1207 291 1272 per
312 1183 562 1252 vindicationem
585 1205 658 1250 eam
680 1206 750 1251 rem
769 1186 775 1272 Ι
794 1185 937 1274 legatam
961 1185 1082 1252 videri:
1095 1204 1298 1271 quocica-rs

76 1293 179 1358 tentia
210 1292 329 1358 dicitur
350 1291 419 1358 divi
439 1289 608 1377 Hadriatui
630 1292 856 1358 constitutione
879 1288 1065 1358 confirmata
1087 1311 1165 1356 esse.
1270 1307 1297 1356 ta

27 1393 67 1482 ta)
127 1395 309 1462 Secundum
329 1395 335 1481 Ι
355 1396 437 1462 banc
455 1398 559 1484 igitur
581 1399 782 1482 opinionem,
795 1399 823 1462 si
835 1417 984 1463 sereser
997 1399 1067 1462 iure
1079 1395 1257 1476 Quiritium
1270 1415 1297 1461 ts

75 1502 220 1570 defuncti
250 1503 374 1595 tuterit,
410 1499 531 1590 [paret]
544 1501 570 1589 ¹)
605 1523 696 1589 posse
719 1523 739 1568 a
761 1501 918 1591 legatario
941 1501 1114 1578 vindicari,
1139 1503 1208 1567 eive
1230 1503 1260 1566 is
1273 1523 1298 1568 u

75 1629 160 1673 unus
183 1628 222 1673 ex
245 1603 422 1685 heredibus
444 1608 503 1684 eit,
527 1609 597 1673 sive
620 1612 806 1688 extraneus3
830 1607 948 1694 quodsi·
966 1610 1002 1672 in
1024 1608 1115 1672 bonis
1126 1611 1294 1672 tantumn

77 1713 254 1806 testatoris
272 1713 386 1789 fuerit,
408 1719 557 1780 extraneo
577 1714 708 1798 quidem
723 1735 764 1778 ex
774 1718 903 1779 senatus
915 1712 1061 1780 consulto
1070 1711 1152 1778 utile
1164 1712 1225 1776 erit
1244 1711 1251 1795 Ι
1272 1731 1298 1776 rr

79 1817 245 1906 legatum,
276 1819 387 1886 heredi
415 1839 508 1895 vero,
541 1817 684 1886 familiae
715 1819 917 1886 erciscundae
947 1819 1106 1903 inimicia,
1130 1814 1342 1906 ispiciens

75 1922 180 1990 officio
210 1925 440 2009 praestabitur:
461 1926 469 2009 Ι
489 1924 601 2009 quodsi
630 1923 721 1991 nullo
749 1926 819 1991 iure
847 1925 947 1990 fuerit
982 1926 1160 2008 testatoris,
1193 1927 1298 1988 tameo

74 2027 206 2112 heredi,
229 2049 326 2114 qoam
349 2026 510 2106 extraneio
534 2049 573 2094 ex
596 2029 870 2095 senatusconsulto
892 2029 974 2098 utile
997 2032 1068 2096 erit.
1270 2048 1297 2094 ar

25 2130 63 2218 t3)
122 2131 202 2200 Sive
219 2139 327 2198 tamen
344 2133 534 2211 heredibus,
553 2134 728 2200 secundum
752 2132 939 2215 nolstrorum
963 2137 1165 2221 opinionem,
1191 2136 1299 2202 sicera

76 2241 180 2306 ,etiam
201 2239 358 2306 extraneis
378 2235 565 2312 sscuuidum
583 2239 715 2306 illorum
730 2240 1301 2326 opinionem‚duobuspluribusveaa
1370 2282 1373 2291 -

74 2344 188 2408 eadem
208 2344 214 2427 Ι
234 2363 284 2408 res
316 2327 512 2410 mniunctn'n
542 2351 601 2411 aut
630 2345 818 2412 disiunctim
847 2345 956 2434 legata
978 2348 1091 2422 inerit,
1117 2341 1299 2432 singulillaa

72 2453 181 2534 partos
202 2449 320 2514 habere
342 2449 496 2535 debent!
583 2485 586 2490 ·
1334 2443 1400 2514 112

24 2551 62 2638 24)
120 2551 225 2638 ³)Sed
244 2553 321 2620 olim
342 2556 473 2640 quidem
489 2555 624 2640 licebat,
646 2561 752 2622 totum
771 2559 1000 2642 patrimonium
1019 2556 1148 2643 legabis
1159 2560 1254 2640 atque
1261 2575 1300 2634 ap
1310 2534 1400 2624 Μ’)

73 2659 280 2730 libertatibus
309 2679 457 2748 erogare,
486 2682 543 2726 nec
574 2664 746 2748 quiequam
777 2662 885 2728 heredi
909 2656 1100 2748 relinquiere
1121 2666 1284 2746 praeter-a

74 2785 174 2849 quam
204 2766 299 2830 inane
313 2784 443 2830 nomen
465 2766 610 2832 heredis:
636 2767 732 2852 idque
755 2766 809 2833 len
830 2766 894 2831 XII
912 2766 1095 2832 tabularum
1115 2769 1255 2852 permiti

73 2879 141 2936 tere
166 2870 352 2945 ridebatur.
385 2891 451 2956 qua
473 2878 621 2946 cavetur,
646 2879 685 2938 ut
707 2873 791 2958 quod
815 2875 949 2959 quisque
970 2873 1010 2938 de
1034 2893 1067 2937 rc
1091 2892 1149 2937 sua
1169 2881 1175 2958 Ι
1195 2876 1318 2957 tes-e,r

74 2980 163 3042 tatus
185 2981 285 3053 esset,
309 2976 344 3042 id
367 2983 474 3042 ratum
498 2977 687 3055 haberetur,
712 2978 764 3043 bis
784 2978 910 3044 verbis:
931 2980 1004 3055 „uti
1022 2967 1167 3064 letgnstc
1182 2997 1284 3045 suasa

63 3162 239 3178 ψ

101 3270 131 3340 *)
151 3285 234 3340 ψη.
253 3267 374 3325 exterior
391 3272 504 3342 praeter
521 3287 626 3340 paucos
645 3271 721 3328 locos
739 3271 926 3338 obscuriores,
945 3271 1029 3327 facile
1049 3271 1182 3344 legitor?⁸

103 3358 132 3428 1)
152 3357 309 3426 technae,
335 3360 400 3415 coll.
426 3363 445 3416 t.
471 3361 507 3414 28
533 3361 568 3415 D.
592 3361 659 3416 tam.
685 3362 779 3418 ercisc.
802 3363 867 3433 (10,
887 3361 925 3433 2),
945 3361 994 3416 ubi
1015 3361 1101 3416 Gaius
1119 3362 1149 3416 iu
1168 3361 1267 3418 eodem

65 3450 232 3518 argumento
254 3465 367 3504 versans
391 3449 514 3521 scripsit:
543 3450 702 3506 »communi
728 3451 848 3522 pecunia
866 3451 953 3507 loere”
973 3450 1060 3505 etiam
1078 3450 1153 3509 huuc
1171 3449 1267 3506 locum

65 3537 212 3593 restituere
238 3553 319 3608 posse
331 3543 333 3552 ’
346 3537 400 3594 eibi
425 3542 469 3596 eet
492 3538 568 3596 visus
587 3541 697 3614 legens:
725 3539 844 3597 »Soluto
869 3539 987 3616 pecunie
1007 3541 1076 3596 luere
1095 3555 1157 3596 eam
1176 3539 1264 3594 rem’'.

65 3625 133 3694 Sed,
159 3627 191 3682 ni
212 3628 311 3695 fallor,
336 3629 433 3685 subest
456 3629 542 3684 etiam
568 3627 607 3684 sic
632 3629 780 3697 mendum
809 3629 878 3700 qnid
901 3628 976 3684 euim
1002 3629 1140 3702 signititat
1163 3631 1266 3684 »soleto
1339 3701 1342 3708 1
1379 3685 1383 3693 ,

63 3717 184 3785 pecunia
207 3717 329 3779 luers''t
362 3719 511 3780 Abstinere
535 3719 623 3776 metui
648 3719 723 3786 locor
749 3719 797 3789 qni
819 3718 889 3774 mihi
907 3718 1021 3788 quidem
1041 3719 1147 3775 scholio
1166 3718 1264 3775 addito

65 3809 212 3880 corruptus
231 3824 291 3866 esee
310 3807 431 3866 ridetur.

100 3893 172 3976 2)’p
189 3907 240 3977 (ε
257 3908 352 3982 paret)
370 3905 612 3970 excidisse-stetui
631 3909 698 3962 aute
719 3907 822 3978 ›p'ee”.
892 3908 894 3912 '

101 3995 147 4068 **)
166 3987 248 4068 »pag
267 3987 385 4051 interior
404 3995 537 4054 facillimo
556 3995 689 4070 legitnr'·‚

101 4083 132 4153 a)
150 4083 198 4154 (ar
216 4083 308 4156 regem
327 4075 481 4157 caterona)
501 4085 531 4141 e.
744 4073 748 4079 '
