2934 4608
21 39 29 115 t
164 33 214 104 n
547 35 962 124 1mnmm4

160 223 386 300 succedendo
403 226 446 298 in
463 224 583 299 locum
602 227 677 297 eins
694 251 809 322 nepos
831 226 989 322 neptisve
1010 225 1111 324 qnasi
1124 224 1345 324 adgnatione

160 349 326 436 rumpant
350 349 610 410 testamentum.
642 337 749 436 idque
770 337 851 436 lege
870 338 975 410 lunia
998 339 1140 411 Velleia
1161 340 1345 434 provisum

162 459 230 546 est,
255 453 294 522 in
318 477 388 550 qun
412 449 518 522 simul
544 449 825 522 exheredationis
850 450 977 522 modus
1002 451 1047 523 ad
1073 451 1341 522 similitudinem

161 575 405 663 pos-tumorum
426 563 697 636 demonstiatnr.
715 564 979 661 'Emancipatos
997 563 1131 639 liberos
1151 566 1227 634 inre
1245 565 1371 640 civilis

164 704 280 776 neque
316 676 464 750 heredes
491 676 673 748 instituere
702 703 816 775 neque
848 675 1062 748 exheredare
1094 702 1238 749 neeesse
1270 689 1346 772 est,

163 793 245 890 quin
279 818 352 862 non
385 801 467 862 sunt
495 791 549 862 sui
572 788 733 862 heredes.
784 787 1015 888 eed'preetor'
1039 816 1163 862 omnes
1188 802 1260 862 tnm
1287 792 1350 863 fe-

163 905 289 974 minini
313 927 416 974 sexus
441 931 546 1001 qnam
565 903 752 976 masculini
762 951 776 992 ,
796 903 826 974 si
843 901 1083 977 heredes-non
1101 905 1350 999 instituantur,

165 1016 371 1090 exheredari
404 1014 521 1109 iubet,
553 1015 663 1088 virilis
690 1017 1049 1109 sexus-nominatim,
1069 1016 1231 1088 feminini
1257 1044 1349 1090 vero

139 1142 212 1202 vet
234 1131 326 1200 inter
364 1139 533 1200 caeteros.
572 1128 700 1226 quodsi
724 1154 838 1226 neque
863 1127 1013 1200 heredes
1034 1129 1184 1200 instituti
1197 1137 1199 1142 ’
1214 1130 1349 1202 fuerint

163 1269 279 1341 neque
315 1244 363 1314 ite
407 1253 446 1312 ut
482 1242 632 1312 diximus
666 1240 889 1334 exheredati,
921 1243 1096 1337 premittit
1126 1254 1268 1339 pnnetnr
1292 1245 1349 1315 eis'

23 1366 30 1444 ξ
165 1367 289 1428 eontra
309 1354 449 1426 tabulas
467 1356 667 1446 testamenti
685 1354 860 1427 honorum
879 1357 1150 1451 possessionem.
1186 1358 1376 1444 Adoptivie

166 1469 259 1536 liberi
283 1471 436 1556 quamdin
459 1475 534 1534 sunt
557 1471 591 1534 in
614 1474 770 1554 potestate
792 1472 893 1555 petris
914 1469 1075 1555 adoptivi,
1099 1470 1242 1536 eiusdem
1262 1473 1347 1536 iuris

166 1577 342 1655 habentur,
366 1579 456 1642 euius
481 1581 556 1644 sunt
578 1578 672 1642 iustis
699 1577 821 1661 nuptiis
843 1579 997 1661 quaesiti:
1018 1578 1127 1660 itaque
1146 1576 1277 1644 heredes
1296 1578 1347 1642 in·

166 1683 323 1748 stituendi
347 1681 400 1750 vel
419 1682 629 1749 exhersdnndi
646 1687 721 1748 sunt
738 1682 912 1750 secundm
931 1703 968 1748 ee
987 1702 1067 1767 quae
1086 1681 1125 1748 de
1141 1682 1351 1748 naturalibus
