<?xml version="1.0" encoding="UTF-8"?>
<!DOCTYPE html PUBLIC "-//W3C//DTD XHTML 1.0 Transitional//EN"
    "http://www.w3.org/TR/xhtml1/DTD/xhtml1-transitional.dtd">
<html xmlns="http://www.w3.org/1999/xhtml" xml:lang="en" lang="en">
 <head>
  <title>
</title>
<meta http-equiv="Content-Type" content="text/html;charset=utf-8" />
  <meta name='ocr-system' content='tesseract 3.04.00' />
  <meta name='ocr-capabilities' content='ocr_page ocr_carea ocr_par ocr_line ocrx_word'/>
</head>
<body>
  <div class='ocr_page' id='page_1' title='image "./syntagmainstitu01studgoog_0451.png"; bbox 0 0 2890 4616; ppageno 0'>
   <div class='ocr_carea' id='block_1_1' title="bbox 198 51 961 140">
    <p class='ocr_par' dir='ltr' id='par_1_1' title="bbox 198 51 961 140">
     <span class='ocr_line' id='line_1_1' title="bbox 198 51 961 140; baseline -0.003 -18"><span class='ocrx_word' id='word_1_1' title='bbox 198 51 264 122; x_wconf 77' lang='lat'>310</span> <span class='ocrx_word' id='word_1_2' title='bbox 588 69 674 122; x_wconf 78' lang='lat' dir='ltr'>rosa.</span> <span class='ocrx_word' id='word_1_3' title='bbox 688 53 742 120; x_wconf 90' lang='lat' dir='ltr'>IV.</span> <span class='ocrx_word' id='word_1_4' title='bbox 768 73 790 120; x_wconf 94' lang='lat'>1.</span> <span class='ocrx_word' id='word_1_5' title='bbox 812 51 961 140; x_wconf 67' lang='lat' dir='ltr'>§te-8.</span> 
     </span>
    </p>
   </div>
   <div class='ocr_carea' id='block_1_2' title="bbox 188 239 1399 3050">
    <p class='ocr_par' dir='ltr' id='par_1_2' title="bbox 188 239 1399 3050">
     <span class='ocr_line' id='line_1_2' title="bbox 191 239 1389 342; baseline 0.002 -30"><span class='ocrx_word' id='word_1_6' title='bbox 191 243 196 252; x_wconf 82' lang='lat'>&#39;</span> <span class='ocrx_word' id='word_1_7' title='bbox 228 243 403 314; x_wconf 62' lang='lat' dir='ltr'>furtum</span> <span class='ocrx_word' id='word_1_8' title='bbox 438 252 553 315; x_wconf 81' lang='lat' dir='ltr'>antem</span> <span class='ocrx_word' id='word_1_9' title='bbox 587 243 628 316; x_wconf 89' lang='lat' dir='ltr'>lit</span> <span class='ocrx_word' id='word_1_10' title='bbox 664 271 737 316; x_wconf 93' lang='lat' dir='ltr'>non</span> <span class='ocrx_word' id='word_1_11' title='bbox 761 245 894 333; x_wconf 90' lang='lat' dir='ltr'>solum,</span> <span class='ocrx_word' id='word_1_12' title='bbox 922 269 1003 315; x_wconf 88' lang='lat' dir='ltr'>cum</span> <span class='ocrx_word' id='word_1_13' title='bbox 1028 244 1108 342; x_wconf 89' lang='lat' dir='ltr'>quis</span> <span class='ocrx_word' id='word_1_14' title='bbox 1135 239 1389 337; x_wconf 76' lang='lat' dir='ltr'>intercipiendis</span> 
     </span>
     <span class='ocr_line' id='line_1_3' title="bbox 195 355 1370 457; baseline -0.001 -32"><span class='ocrx_word' id='word_1_15' title='bbox 195 381 300 426; x_wconf 87' lang='lat' dir='ltr'>causa</span> <span class='ocrx_word' id='word_1_16' title='bbox 338 383 412 427; x_wconf 90' lang='lat' dir='ltr'>rem</span> <span class='ocrx_word' id='word_1_17' title='bbox 451 357 601 429; x_wconf 87' lang='lat' dir='ltr'>alienam</span> <span class='ocrx_word' id='word_1_18' title='bbox 637 370 796 444; x_wconf 80' lang='lat' dir='ltr'><strong>amovet,</strong></span> <span class='ocrx_word' id='word_1_19' title='bbox 834 357 897 429; x_wconf 89' lang='lat' dir='ltr'>sed</span> <span class='ocrx_word' id='word_1_20' title='bbox 931 355 1145 457; x_wconf 75' lang='lat' dir='ltr'>generaliter</span> <span class='ocrx_word' id='word_1_21' title='bbox 1183 382 1262 426; x_wconf 86' lang='lat' dir='ltr'>curn</span> <span class='ocrx_word' id='word_1_22' title='bbox 1299 356 1370 450; x_wconf 76' lang='lat' dir='ltr'>qtris</span> 
     </span>
     <span class='ocr_line' id='line_1_4' title="bbox 193 468 1374 567; baseline -0.002 -29"><span class='ocrx_word' id='word_1_23' title='bbox 193 468 345 539; x_wconf 88' lang='lat' dir='ltr'>alienam</span> <span class='ocrx_word' id='word_1_24' title='bbox 384 497 458 540; x_wconf 86' lang='lat' dir='ltr'>rem</span> <span class='ocrx_word' id='word_1_25' title='bbox 485 473 594 543; x_wconf 91' lang='lat' dir='ltr'>invito</span> <span class='ocrx_word' id='word_1_26' title='bbox 620 471 762 542; x_wconf 91' lang='lat' dir='ltr'>domino</span> <span class='ocrx_word' id='word_1_27' title='bbox 789 481 998 542; x_wconf 88' lang='lat' dir='ltr'>contrectat.</span> <span class='ocrx_word' id='word_1_28' title='bbox 1048 471 1166 567; x_wconf 91' lang='lat' dir='ltr'>itaque</span> <span class='ocrx_word' id='word_1_29' title='bbox 1193 470 1266 539; x_wconf 89' lang='lat' dir='ltr'>sive</span> <span class='ocrx_word' id='word_1_30' title='bbox 1290 493 1374 538; x_wconf 88' lang='lat' dir='ltr'>cre-</span> 
     </span>
     <span class='ocr_line' id='line_1_5' title="bbox 194 580 1372 684; baseline -0.001 -33"><span class='ocrx_word' id='word_1_31' title='bbox 194 580 287 652; x_wconf 83' lang='lat' dir='ltr'><strong>ditor</strong></span> <span class='ocrx_word' id='word_1_32' title='bbox 310 583 459 680; x_wconf 87' lang='lat' dir='ltr'>pignore</span> <span class='ocrx_word' id='word_1_33' title='bbox 485 587 557 656; x_wconf 89' lang='lat' dir='ltr'>sive</span> <span class='ocrx_word' id='word_1_34' title='bbox 581 587 635 673; x_wconf 83' lang='lat' dir='ltr'>is,</span> <span class='ocrx_word' id='word_1_35' title='bbox 662 585 755 682; x_wconf 91' lang='lat' dir='ltr'>apud</span> <span class='ocrx_word' id='word_1_36' title='bbox 781 611 885 684; x_wconf 87' lang='lat' dir='ltr'>quem</span> <span class='ocrx_word' id='word_1_37' title='bbox 911 610 968 654; x_wconf 90' lang='lat' dir='ltr'>res</span> <span class='ocrx_word' id='word_1_38' title='bbox 993 582 1154 680; x_wconf 89' lang='lat' dir='ltr'>deposita</span> <span class='ocrx_word' id='word_1_39' title='bbox 1180 592 1251 673; x_wconf 85' lang='lat' dir='ltr'>ost,</span> <span class='ocrx_word' id='word_1_40' title='bbox 1277 607 1318 650; x_wconf 91' lang='lat' dir='ltr'>ea</span> <span class='ocrx_word' id='word_1_41' title='bbox 1340 608 1372 651; x_wconf 92' lang='lat' dir='ltr'>re</span> 
     </span>
     <span class='ocr_line' id='line_1_6' title="bbox 192 694 1372 796; baseline -0.002 -32"><span class='ocrx_word' id='word_1_42' title='bbox 192 706 310 766; x_wconf 87' lang='lat' dir='ltr'>utatur</span> <span class='ocrx_word' id='word_1_43' title='bbox 342 697 415 766; x_wconf 87' lang='lat' dir='ltr'>sive</span> <span class='ocrx_word' id='word_1_44' title='bbox 440 699 490 783; x_wconf 89' lang='lat' dir='ltr'>is,</span> <span class='ocrx_word' id='word_1_45' title='bbox 516 700 676 796; x_wconf 90' lang='lat' dir='ltr'>quirem</span> <span class='ocrx_word' id='word_1_46' title='bbox 701 698 869 768; x_wconf 88' lang='lat' dir='ltr'>utendam</span> <span class='ocrx_word' id='word_1_47' title='bbox 895 699 1051 794; x_wconf 90' lang='lat' dir='ltr'>accepit,</span> <span class='ocrx_word' id='word_1_48' title='bbox 1078 699 1115 766; x_wconf 93' lang='lat' dir='ltr'>in</span> <span class='ocrx_word' id='word_1_49' title='bbox 1142 694 1249 765; x_wconf 90' lang='lat' dir='ltr'>alium</span> <span class='ocrx_word' id='word_1_50' title='bbox 1273 721 1372 764; x_wconf 89' lang='lat' dir='ltr'>usum</span> 
     </span>
     <span class='ocr_line' id='line_1_7' title="bbox 194 805 1374 908; baseline -0.001 -31"><span class='ocrx_word' id='word_1_51' title='bbox 194 833 278 890; x_wconf 88' lang='lat' dir='ltr'>eam</span> <span class='ocrx_word' id='word_1_52' title='bbox 304 810 514 897; x_wconf 83' lang='lat' dir='ltr'>transferat,</span> <span class='ocrx_word' id='word_1_53' title='bbox 548 838 654 908; x_wconf 91' lang='lat' dir='ltr'>quam</span> <span class='ocrx_word' id='word_1_54' title='bbox 686 813 785 881; x_wconf 89' lang='lat' dir='ltr'>cuius</span> <span class='ocrx_word' id='word_1_55' title='bbox 819 812 932 908; x_wconf 91' lang='lat' dir='ltr'>gratia</span> <span class='ocrx_word' id='word_1_56' title='bbox 965 813 997 880; x_wconf 91' lang='lat' dir='ltr'>ei</span> <span class='ocrx_word' id='word_1_57' title='bbox 1030 809 1111 880; x_wconf 89' lang='lat' dir='ltr'>data</span> <span class='ocrx_word' id='word_1_58' title='bbox 1146 819 1215 893; x_wconf 84' lang='lat' dir='ltr'>est,</span> <span class='ocrx_word' id='word_1_59' title='bbox 1247 805 1374 877; x_wconf 80' lang='lat' dir='ltr'>furtum</span> 
     </span>
     <span class='ocr_line' id='line_1_8' title="bbox 193 921 1377 1021; baseline 0 -32"><span class='ocrx_word' id='word_1_60' title='bbox 193 923 390 994; x_wconf 88' lang='lat' dir='ltr'>committit.</span> <span class='ocrx_word' id='word_1_61' title='bbox 443 921 549 994; x_wconf 92' lang='lat' dir='ltr'>veluti</span> <span class='ocrx_word' id='word_1_62' title='bbox 583 926 611 994; x_wconf 90' lang='lat' dir='ltr'>si</span> <span class='ocrx_word' id='word_1_63' title='bbox 655 925 734 1021; x_wconf 87' lang='lat' dir='ltr'>quis</span> <span class='ocrx_word' id='word_1_64' title='bbox 772 933 956 1021; x_wconf 90' lang='lat' dir='ltr'>argentum</span> <span class='ocrx_word' id='word_1_65' title='bbox 994 921 1162 993; x_wconf 90' lang='lat' dir='ltr'>utendum</span> <span class='ocrx_word' id='word_1_66' title='bbox 1201 921 1377 1016; x_wconf 86' lang='lat' dir='ltr'>acceperit</span> 
     </span>
     <span class='ocr_line' id='line_1_9' title="bbox 193 1035 1375 1133; baseline -0.001 -30"><span class='ocrx_word' id='word_1_67' title='bbox 193 1035 293 1131; x_wconf 82' lang='lat' dir='ltr'>quasi</span> <span class='ocrx_word' id='word_1_68' title='bbox 321 1037 455 1106; x_wconf 91' lang='lat' dir='ltr'>amicos</span> <span class='ocrx_word' id='word_1_69' title='bbox 489 1035 533 1107; x_wconf 91' lang='lat' dir='ltr'>ad</span> <span class='ocrx_word' id='word_1_70' title='bbox 570 1062 693 1107; x_wconf 89' lang='lat' dir='ltr'>cenam</span> <span class='ocrx_word' id='word_1_71' title='bbox 723 1037 933 1108; x_wconf 71' lang='lat' dir='ltr'><strong>invitaturus</strong></span> <span class='ocrx_word' id='word_1_72' title='bbox 961 1047 996 1106; x_wconf 92' lang='lat' dir='ltr'>et</span> <span class='ocrx_word' id='word_1_73' title='bbox 1019 1036 1056 1106; x_wconf 95' lang='lat' dir='ltr'>id</span> <span class='ocrx_word' id='word_1_74' title='bbox 1082 1059 1228 1133; x_wconf 76' lang='lat' dir='ltr'>peregre</span> <span class='ocrx_word' id='word_1_75' title='bbox 1257 1061 1375 1104; x_wconf 90' lang='lat' dir='ltr'>secum</span> 
     </span>
     <span class='ocr_line' id='line_1_10' title="bbox 192 1146 1378 1248; baseline 0 -32"><span class='ocrx_word' id='word_1_76' title='bbox 192 1146 328 1241; x_wconf 80' lang='lat' dir='ltr'>tulerit,</span> <span class='ocrx_word' id='word_1_77' title='bbox 360 1160 420 1219; x_wconf 91' lang='lat' dir='ltr'>aut</span> <span class='ocrx_word' id='word_1_78' title='bbox 452 1152 481 1220; x_wconf 93' lang='lat' dir='ltr'>si</span> <span class='ocrx_word' id='word_1_79' title='bbox 511 1151 589 1248; x_wconf 86' lang='lat' dir='ltr'>quis</span> <span class='ocrx_word' id='word_1_80' title='bbox 624 1177 751 1248; x_wconf 91' lang='lat' dir='ltr'>equum</span> <span class='ocrx_word' id='word_1_81' title='bbox 786 1149 948 1248; x_wconf 87' lang='lat' dir='ltr'>gestandi</span> <span class='ocrx_word' id='word_1_82' title='bbox 984 1176 1088 1220; x_wconf 90' lang='lat' dir='ltr'>causa</span> <span class='ocrx_word' id='word_1_83' title='bbox 1118 1146 1378 1220; x_wconf 88' lang='lat' dir='ltr'>commodatum</span> 
     </span>
     <span class='ocr_line' id='line_1_11' title="bbox 193 1259 1378 1361; baseline -0.001 -32"><span class='ocrx_word' id='word_1_84' title='bbox 193 1259 261 1329; x_wconf 91' lang='lat' dir='ltr'>sibi</span> <span class='ocrx_word' id='word_1_85' title='bbox 295 1260 439 1360; x_wconf 87' lang='lat' dir='ltr'>longius</span> <span class='ocrx_word' id='word_1_86' title='bbox 472 1262 591 1361; x_wconf 91' lang='lat' dir='ltr'>aliquo</span> <span class='ocrx_word' id='word_1_87' title='bbox 627 1262 779 1351; x_wconf 84' lang='lat' dir='ltr'>duxerit,</span> <span class='ocrx_word' id='word_1_88' title='bbox 810 1262 904 1360; x_wconf 91' lang='lat' dir='ltr'>quod</span> <span class='ocrx_word' id='word_1_89' title='bbox 931 1273 1065 1333; x_wconf 89' lang='lat' dir='ltr'>veteres</span> <span class='ocrx_word' id='word_1_90' title='bbox 1088 1263 1311 1358; x_wconf 88' lang='lat' dir='ltr'>scripserunt</span> <span class='ocrx_word' id='word_1_91' title='bbox 1338 1259 1378 1328; x_wconf 92' lang='lat' dir='ltr'>de</span> 
     </span>
     <span class='ocr_line' id='line_1_12' title="bbox 192 1375 1399 1476; baseline 0.001 -33"><span class='ocrx_word' id='word_1_92' title='bbox 192 1399 250 1466; x_wconf 85' lang='lat' dir='ltr'>eo,</span> <span class='ocrx_word' id='word_1_93' title='bbox 276 1375 398 1472; x_wconf 90' lang='lat' dir='ltr'>quiin</span> <span class='ocrx_word' id='word_1_94' title='bbox 424 1378 536 1446; x_wconf 91' lang='lat' dir='ltr'>aciem</span> <span class='ocrx_word' id='word_1_95' title='bbox 564 1402 691 1476; x_wconf 89' lang='lat' dir='ltr'>equum</span> <span class='ocrx_word' id='word_1_96' title='bbox 718 1376 948 1473; x_wconf 85' lang='lat' dir='ltr'>perduxisset.</span> <span class='ocrx_word' id='word_1_97' title='bbox 989 1375 1133 1446; x_wconf 81' lang='lat' dir='ltr'><strong>Placuit</strong></span> <span class='ocrx_word' id='word_1_98' title='bbox 1155 1386 1275 1445; x_wconf 91' lang='lat' dir='ltr'>tamen</span> <span class='ocrx_word' id='word_1_99' title='bbox 1305 1399 1399 1464; x_wconf 80' lang='lat' dir='ltr'>eos,r</span> 
     </span>
     <span class='ocr_line' id='line_1_13' title="bbox 192 1485 1382 1586; baseline -0.002 -30"><span class='ocrx_word' id='word_1_100' title='bbox 192 1489 252 1585; x_wconf 87' lang='lat' dir='ltr'>qni</span> <span class='ocrx_word' id='word_1_101' title='bbox 277 1487 382 1559; x_wconf 89' lang='lat' dir='ltr'>rebus</span> <span class='ocrx_word' id='word_1_102' title='bbox 408 1489 640 1562; x_wconf 90' lang='lat' dir='ltr'>commodatis</span> <span class='ocrx_word' id='word_1_103' title='bbox 667 1490 769 1562; x_wconf 89' lang='lat' dir='ltr'>aliter</span> <span class='ocrx_word' id='word_1_104' title='bbox 791 1500 993 1577; x_wconf 85' lang='lat' dir='ltr'>uterentur,</span> <span class='ocrx_word' id='word_1_105' title='bbox 1015 1515 1121 1586; x_wconf 91' lang='lat' dir='ltr'>qnam</span> <span class='ocrx_word' id='word_1_106' title='bbox 1143 1485 1296 1557; x_wconf 90' lang='lat' dir='ltr'>utendas</span> <span class='ocrx_word' id='word_1_107' title='bbox 1320 1512 1382 1554; x_wconf 88' lang='lat' dir='ltr'>ac·</span> 
     </span>
     <span class='ocr_line' id='line_1_14' title="bbox 193 1599 1382 1698; baseline -0.003 -27"><span class='ocrx_word' id='word_1_108' title='bbox 193 1602 366 1695; x_wconf 84' lang='lat' dir='ltr'>ceperint,</span> <span class='ocrx_word' id='word_1_109' title='bbox 393 1604 440 1672; x_wconf 91' lang='lat' dir='ltr'>ita</span> <span class='ocrx_word' id='word_1_110' title='bbox 466 1603 596 1674; x_wconf 78' lang='lat' dir='ltr'>lurtum</span> <span class='ocrx_word' id='word_1_111' title='bbox 619 1605 858 1690; x_wconf 85' lang='lat' dir='ltr'>committere,</span> <span class='ocrx_word' id='word_1_112' title='bbox 877 1605 907 1674; x_wconf 92' lang='lat' dir='ltr'>si</span> <span class='ocrx_word' id='word_1_113' title='bbox 925 1628 963 1674; x_wconf 94' lang='lat' dir='ltr'>se</span> <span class='ocrx_word' id='word_1_114' title='bbox 981 1601 1193 1698; x_wconf 77' lang='lat' dir='ltr'>intellegant</span> <span class='ocrx_word' id='word_1_115' title='bbox 1210 1599 1249 1670; x_wconf 92' lang='lat' dir='ltr'>id</span> <span class='ocrx_word' id='word_1_116' title='bbox 1268 1601 1382 1668; x_wconf 88' lang='lat' dir='ltr'>invito</span> 
     </span>
     <span class='ocr_line' id='line_1_15' title="bbox 191 1711 1381 1816; baseline -0.002 -34"><span class='ocrx_word' id='word_1_117' title='bbox 191 1711 337 1784; x_wconf 84' lang='lat' dir='ltr'>domiuo</span> <span class='ocrx_word' id='word_1_118' title='bbox 367 1715 485 1787; x_wconf 84' lang='lat' dir='ltr'>facere</span> <span class='ocrx_word' id='word_1_119' title='bbox 519 1744 668 1816; x_wconf 90' lang='lat' dir='ltr'>eumque</span> <span class='ocrx_word' id='word_1_120' title='bbox 699 1720 728 1790; x_wconf 88' lang='lat' dir='ltr'>si</span> <span class='ocrx_word' id='word_1_121' title='bbox 753 1717 985 1788; x_wconf 81' lang='lat' dir='ltr'>intellexisset</span> <span class='ocrx_word' id='word_1_122' title='bbox 1010 1742 1081 1786; x_wconf 93' lang='lat' dir='ltr'>non</span> <span class='ocrx_word' id='word_1_123' title='bbox 1107 1715 1381 1810; x_wconf 88' lang='lat' dir='ltr'>permissurum,</span> 
     </span>
     <span class='ocr_line' id='line_1_16' title="bbox 193 1826 1382 1922; baseline -0.001 -28"><span class='ocrx_word' id='word_1_124' title='bbox 193 1851 234 1897; x_wconf 90' lang='lat' dir='ltr'>ac</span> <span class='ocrx_word' id='word_1_125' title='bbox 266 1828 295 1896; x_wconf 89' lang='lat' dir='ltr'>si</span> <span class='ocrx_word' id='word_1_126' title='bbox 324 1830 574 1921; x_wconf 88' lang='lat' dir='ltr'>permissurum</span> <span class='ocrx_word' id='word_1_127' title='bbox 611 1830 779 1920; x_wconf 86' lang='lat' dir='ltr'>credant,</span> <span class='ocrx_word' id='word_1_128' title='bbox 805 1842 901 1903; x_wconf 82' lang='lat' dir='ltr'>extra</span> <span class='ocrx_word' id='word_1_129' title='bbox 929 1830 1063 1900; x_wconf 80' lang='lat' dir='ltr'>crimen</span> <span class='ocrx_word' id='word_1_130' title='bbox 1088 1826 1217 1898; x_wconf 81' lang='lat' dir='ltr'>videri:</span> <span class='ocrx_word' id='word_1_131' title='bbox 1246 1827 1382 1922; x_wconf 87' lang='lat' dir='ltr'>optima</span> 
     </span>
     <span class='ocr_line' id='line_1_17' title="bbox 193 1923 1386 2041; baseline -0.001 -33"><span class='ocrx_word' id='word_1_132' title='bbox 193 1963 277 2009; x_wconf 91' lang='lat' dir='ltr'>sane</span> <span class='ocrx_word' id='word_1_133' title='bbox 312 1923 559 2037; x_wconf 88' lang='lat' dir='ltr'>distinctione,</span> <span class='ocrx_word' id='word_1_134' title='bbox 593 1945 675 2041; x_wconf 91' lang='lat' dir='ltr'>quia</span> <span class='ocrx_word' id='word_1_135' title='bbox 710 1945 840 2014; x_wconf 87' lang='lat' dir='ltr'>l&#39;urtum</span> <span class='ocrx_word' id='word_1_136' title='bbox 874 1945 951 2014; x_wconf 91' lang='lat' dir='ltr'>sine</span> <span class='ocrx_word' id='word_1_137' title='bbox 984 1943 1114 2013; x_wconf 81' lang='lat' dir='ltr'>allecta</span> <span class='ocrx_word' id='word_1_138' title='bbox 1139 1939 1283 2010; x_wconf 85' lang='lat' dir='ltr'>furandi</span> <span class='ocrx_word' id='word_1_139' title='bbox 1313 1964 1386 2009; x_wconf 90' lang='lat' dir='ltr'>non</span> 
     </span>
     <span class='ocr_line' id='line_1_18' title="bbox 191 2052 1385 2156; baseline -0.003 -34"><span class='ocrx_word' id='word_1_140' title='bbox 191 2052 427 2126; x_wconf 88' lang='lat' dir='ltr'>committitur.</span> <span class='ocrx_word' id='word_1_141' title='bbox 487 2056 560 2128; x_wconf 85' lang='lat' dir='ltr'>Sed</span> <span class='ocrx_word' id='word_1_142' title='bbox 592 2059 657 2128; x_wconf 81' lang='lat' dir='ltr'>etsi</span> <span class='ocrx_word' id='word_1_143' title='bbox 692 2057 814 2129; x_wconf 90' lang='lat' dir='ltr'>credat</span> <span class='ocrx_word' id='word_1_144' title='bbox 845 2057 973 2156; x_wconf 91' lang='lat' dir='ltr'>aliquis</span> <span class='ocrx_word' id='word_1_145' title='bbox 1011 2056 1122 2125; x_wconf 89' lang='lat' dir='ltr'>invito</span> <span class='ocrx_word' id='word_1_146' title='bbox 1162 2052 1310 2122; x_wconf 91' lang='lat' dir='ltr'>domino</span> <span class='ocrx_word' id='word_1_147' title='bbox 1350 2077 1385 2120; x_wconf 88' lang='lat' dir='ltr'>se</span> 
     </span>
     <span class='ocr_line' id='line_1_19' title="bbox 189 2164 1385 2255; baseline -0.003 -19"><span class='ocrx_word' id='word_1_148' title='bbox 189 2192 263 2236; x_wconf 88' lang='lat' dir='ltr'>rem</span> <span class='ocrx_word' id='word_1_149' title='bbox 291 2167 549 2240; x_wconf 85' lang='lat' dir='ltr'><strong>commodatam</strong></span> <span class='ocrx_word' id='word_1_150' title='bbox 575 2169 642 2240; x_wconf 90' lang='lat' dir='ltr'><strong>sibi</strong></span> <span class='ocrx_word' id='word_1_151' title='bbox 669 2181 910 2255; x_wconf 86' lang='lat' dir='ltr'>contrectare,</span> <span class='ocrx_word' id='word_1_152' title='bbox 936 2169 1082 2239; x_wconf 91' lang='lat' dir='ltr'>domino</span> <span class='ocrx_word' id='word_1_153' title='bbox 1100 2178 1214 2237; x_wconf 90' lang='lat' dir='ltr'>autem</span> <span class='ocrx_word' id='word_1_154' title='bbox 1236 2164 1385 2235; x_wconf 88' lang='lat' dir='ltr'>volente</span> 
     </span>
     <span class='ocr_line' id='line_1_20' title="bbox 193 2278 1384 2375; baseline -0.001 -27"><span class='ocrx_word' id='word_1_155' title='bbox 193 2278 230 2349; x_wconf 91' lang='lat' dir='ltr'>id</span> <span class='ocrx_word' id='word_1_156' title='bbox 264 2278 340 2372; x_wconf 88' lang='lat' dir='ltr'>fiat,</span> <span class='ocrx_word' id='word_1_157' title='bbox 371 2279 500 2353; x_wconf 91' lang='lat' dir='ltr'>dicitur</span> <span class='ocrx_word' id='word_1_158' title='bbox 530 2283 660 2354; x_wconf 86' lang='lat' dir='ltr'>furtum</span> <span class='ocrx_word' id='word_1_159' title='bbox 695 2311 767 2354; x_wconf 91' lang='lat' dir='ltr'>non</span> <span class='ocrx_word' id='word_1_160' title='bbox 802 2283 890 2354; x_wconf 87' lang='lat' dir='ltr'>lieri.</span> <span class='ocrx_word' id='word_1_161' title='bbox 940 2281 1036 2352; x_wconf 90' lang='lat' dir='ltr'>unde</span> <span class='ocrx_word' id='word_1_162' title='bbox 1065 2280 1153 2351; x_wconf 94' lang='lat' dir='ltr'>illud</span> <span class='ocrx_word' id='word_1_163' title='bbox 1179 2279 1384 2375; x_wconf 89' lang='lat' dir='ltr'>quaesitum</span> 
     </span>
     <span class='ocr_line' id='line_1_21' title="bbox 190 2390 1384 2490; baseline -0.003 -26"><span class='ocrx_word' id='word_1_164' title='bbox 190 2404 267 2482; x_wconf 85' lang='lat' dir='ltr'>est,</span> <span class='ocrx_word' id='word_1_165' title='bbox 294 2420 374 2466; x_wconf 92' lang='lat' dir='ltr'>cum</span> <span class='ocrx_word' id='word_1_166' title='bbox 400 2396 518 2468; x_wconf 84' lang='lat' dir='ltr'>Titius</span> <span class='ocrx_word' id='word_1_167' title='bbox 543 2424 681 2468; x_wconf 87' lang='lat' dir='ltr'>servum</span> <span class='ocrx_word' id='word_1_168' title='bbox 707 2398 840 2468; x_wconf 75' lang='lat' dir='ltr'>Maeuii</span> <span class='ocrx_word' id='word_1_169' title='bbox 860 2394 1124 2478; x_wconf 80' lang='lat' dir='ltr'>sollicitaverit,</span> <span class='ocrx_word' id='word_1_170' title='bbox 1145 2403 1186 2462; x_wconf 90' lang='lat' dir='ltr'>ut</span> <span class='ocrx_word' id='word_1_171' title='bbox 1202 2390 1384 2490; x_wconf 91' lang='lat' dir='ltr'>quasdam</span> 
     </span>
     <span class='ocr_line' id='line_1_22' title="bbox 189 2504 1384 2607; baseline -0.003 -29"><span class='ocrx_word' id='word_1_172' title='bbox 189 2531 247 2578; x_wconf 90' lang='lat' dir='ltr'>res</span> <span class='ocrx_word' id='word_1_173' title='bbox 280 2506 424 2578; x_wconf 90' lang='lat' dir='ltr'>domino</span> <span class='ocrx_word' id='word_1_174' title='bbox 456 2510 654 2607; x_wconf 89' lang='lat' dir='ltr'>subriperet</span> <span class='ocrx_word' id='word_1_175' title='bbox 683 2521 718 2581; x_wconf 91' lang='lat' dir='ltr'>et</span> <span class='ocrx_word' id='word_1_176' title='bbox 742 2509 788 2580; x_wconf 92' lang='lat' dir='ltr'>ad</span> <span class='ocrx_word' id='word_1_177' title='bbox 813 2535 892 2580; x_wconf 87' lang='lat' dir='ltr'>eum</span> <span class='ocrx_word' id='word_1_178' title='bbox 916 2508 1107 2606; x_wconf 86' lang='lat' dir='ltr'>perferret,</span> <span class='ocrx_word' id='word_1_179' title='bbox 1132 2517 1167 2577; x_wconf 93' lang='lat' dir='ltr'>et</span> <span class='ocrx_word' id='word_1_180' title='bbox 1191 2532 1323 2576; x_wconf 84' lang='lat' dir='ltr'>servus</span> <span class='ocrx_word' id='word_1_181' title='bbox 1350 2504 1384 2576; x_wconf 93' lang='lat' dir='ltr'>id</span> 
     </span>
     <span class='ocr_line' id='line_1_23' title="bbox 189 2617 1384 2720; baseline -0.002 -32"><span class='ocrx_word' id='word_1_182' title='bbox 189 2617 234 2689; x_wconf 88' lang='lat' dir='ltr'>ad</span> <span class='ocrx_word' id='word_1_183' title='bbox 272 2619 452 2694; x_wconf 78' lang='lat' dir='ltr'>Maeuium</span> <span class='ocrx_word' id='word_1_184' title='bbox 489 2623 692 2720; x_wconf 81' lang='lat' dir='ltr'>pertulerit,</span> <span class='ocrx_word' id='word_1_185' title='bbox 726 2624 909 2710; x_wconf 86' lang='lat' dir='ltr'>Maevius,</span> <span class='ocrx_word' id='word_1_186' title='bbox 949 2621 1034 2692; x_wconf 91' lang='lat' dir='ltr'>dum</span> <span class='ocrx_word' id='word_1_187' title='bbox 1066 2619 1143 2692; x_wconf 82' lang='lat' dir='ltr'>vult</span> <span class='ocrx_word' id='word_1_188' title='bbox 1176 2620 1319 2690; x_wconf 89' lang='lat' dir='ltr'>Titium</span> <span class='ocrx_word' id='word_1_189' title='bbox 1349 2621 1384 2688; x_wconf 94' lang='lat' dir='ltr'>in</span> 
     </span>
     <span class='ocr_line' id='line_1_24' title="bbox 190 2732 1383 2834; baseline -0.002 -31"><span class='ocrx_word' id='word_1_190' title='bbox 190 2733 268 2828; x_wconf 89' lang='lat' dir='ltr'>ipso</span> <span class='ocrx_word' id='word_1_191' title='bbox 303 2733 434 2806; x_wconf 85' lang='lat' dir='ltr'>delicto</span> <span class='ocrx_word' id='word_1_192' title='bbox 465 2736 750 2834; x_wconf 89' lang='lat' dir='ltr'>deprehendere,</span> <span class='ocrx_word' id='word_1_193' title='bbox 784 2737 943 2834; x_wconf 89' lang='lat' dir='ltr'>permisit</span> <span class='ocrx_word' id='word_1_194' title='bbox 975 2760 1078 2806; x_wconf 87' lang='lat' dir='ltr'>servo</span> <span class='ocrx_word' id='word_1_195' title='bbox 1112 2732 1286 2832; x_wconf 90' lang='lat' dir='ltr'>quasdam</span> <span class='ocrx_word' id='word_1_196' title='bbox 1326 2759 1383 2802; x_wconf 90' lang='lat' dir='ltr'>res</span> 
     </span>
     <span class='ocr_line' id='line_1_25' title="bbox 190 2843 1381 2945; baseline -0.001 -31"><span class='ocrx_word' id='word_1_197' title='bbox 190 2843 236 2914; x_wconf 90' lang='lat' dir='ltr'>ad</span> <span class='ocrx_word' id='word_1_198' title='bbox 269 2871 347 2916; x_wconf 91' lang='lat' dir='ltr'>eum</span> <span class='ocrx_word' id='word_1_199' title='bbox 378 2849 551 2945; x_wconf 86' lang='lat' dir='ltr'>perferre,</span> <span class='ocrx_word' id='word_1_200' title='bbox 582 2861 699 2922; x_wconf 91' lang='lat' dir='ltr'>utrum</span> <span class='ocrx_word' id='word_1_201' title='bbox 728 2851 812 2922; x_wconf 86' lang='lat' dir='ltr'>lurti</span> <span class='ocrx_word' id='word_1_202' title='bbox 846 2877 894 2921; x_wconf 90' lang='lat' dir='ltr'>an</span> <span class='ocrx_word' id='word_1_203' title='bbox 924 2851 1017 2920; x_wconf 87' lang='lat' dir='ltr'>servi</span> <span class='ocrx_word' id='word_1_204' title='bbox 1052 2847 1206 2944; x_wconf 90' lang='lat' dir='ltr'>corrupti</span> <span class='ocrx_word' id='word_1_205' title='bbox 1241 2844 1381 2916; x_wconf 91' lang='lat' dir='ltr'>iudicio</span> 
     </span>
     <span class='ocr_line' id='line_1_26' title="bbox 188 2961 1379 3050; baseline -0.004 -21"><span class='ocrx_word' id='word_1_206' title='bbox 188 2969 351 3029; x_wconf 83' lang='lat' dir='ltr'>teneatur</span> <span class='ocrx_word' id='word_1_207' title='bbox 375 2961 509 3050; x_wconf 83' lang='lat' dir='ltr'>Titius,</span> <span class='ocrx_word' id='word_1_208' title='bbox 535 2991 580 3034; x_wconf 90' lang='lat' dir='ltr'>an</span> <span class='ocrx_word' id='word_1_209' title='bbox 604 2963 753 3035; x_wconf 80' lang='lat' dir='ltr'>neutro?</span> <span class='ocrx_word' id='word_1_210' title='bbox 790 2970 918 3031; x_wconf 86' lang='lat' dir='ltr'>etcum</span> <span class='ocrx_word' id='word_1_211' title='bbox 941 2965 1031 3030; x_wconf 89' lang='lat' dir='ltr'>nobis</span> <span class='ocrx_word' id='word_1_212' title='bbox 1054 2984 1148 3047; x_wconf 85' lang='lat' dir='ltr'>super</span> <span class='ocrx_word' id='word_1_213' title='bbox 1165 2963 1226 3028; x_wconf 87' lang='lat' dir='ltr'>hac</span> <span class='ocrx_word' id='word_1_214' title='bbox 1243 2962 1379 3026; x_wconf 87' lang='lat' dir='ltr'>dubita-</span> 
     </span>
    </p>
   </div>
   <div class='ocr_carea' id='block_1_3' title="bbox 149 3076 1431 4227">
    <p class='ocr_par' dir='ltr' id='par_1_3' title="bbox 149 3076 1431 4227">
     <span class='ocr_line' id='line_1_27' title="bbox 191 3076 1379 3164; baseline 0.002 -27"><span class='ocrx_word' id='word_1_215' title='bbox 191 3076 278 3138; x_wconf 86' lang='lat' dir='ltr'>tione</span> <span class='ocrx_word' id='word_1_216' title='bbox 301 3081 489 3162; x_wconf 79' lang='lat' dir='ltr'>suggestum</span> <span class='ocrx_word' id='word_1_217' title='bbox 513 3083 559 3144; x_wconf 89' lang='lat' dir='ltr'>est</span> <span class='ocrx_word' id='word_1_218' title='bbox 583 3085 615 3144; x_wconf 90' lang='lat' dir='ltr'>et</span> <span class='ocrx_word' id='word_1_219' title='bbox 638 3081 841 3164; x_wconf 90' lang='lat' dir='ltr'>antiquorum</span> <span class='ocrx_word' id='word_1_220' title='bbox 860 3079 1067 3163; x_wconf 89' lang='lat' dir='ltr'>prudentium</span> <span class='ocrx_word' id='word_1_221' title='bbox 1084 3099 1178 3163; x_wconf 88' lang='lat' dir='ltr'>super</span> <span class='ocrx_word' id='word_1_222' title='bbox 1196 3077 1259 3142; x_wconf 87' lang='lat' dir='ltr'>hoc</span> <span class='ocrx_word' id='word_1_223' title='bbox 1280 3077 1379 3141; x_wconf 87' lang='lat' dir='ltr'>alter-</span> 
     </span>
     <span class='ocr_line' id='line_1_28' title="bbox 193 3182 1378 3270; baseline 0 -25"><span class='ocrx_word' id='word_1_224' title='bbox 193 3182 330 3245; x_wconf 89' lang='lat' dir='ltr'>cationes</span> <span class='ocrx_word' id='word_1_225' title='bbox 360 3185 596 3269; x_wconf 83' lang='lat' dir='ltr'>perspeximus,</span> <span class='ocrx_word' id='word_1_226' title='bbox 629 3185 819 3270; x_wconf 90' lang='lat' dir='ltr'>quibusdam</span> <span class='ocrx_word' id='word_1_227' title='bbox 847 3205 947 3270; x_wconf 88' lang='lat' dir='ltr'>neque</span> <span class='ocrx_word' id='word_1_228' title='bbox 970 3185 1048 3248; x_wconf 90' lang='lat' dir='ltr'>furti</span> <span class='ocrx_word' id='word_1_229' title='bbox 1071 3205 1172 3268; x_wconf 88' lang='lat' dir='ltr'>neque</span> <span class='ocrx_word' id='word_1_230' title='bbox 1196 3184 1282 3248; x_wconf 83' lang='lat' dir='ltr'>servi</span> <span class='ocrx_word' id='word_1_231' title='bbox 1310 3204 1378 3247; x_wconf 90' lang='lat' dir='ltr'>cor·</span> 
     </span>
     <span class='ocr_line' id='line_1_29' title="bbox 189 3288 1375 3377; baseline -0.001 -26"><span class='ocrx_word' id='word_1_232' title='bbox 189 3289 278 3372; x_wconf 87' lang='lat' dir='ltr'>rupti</span> <span class='ocrx_word' id='word_1_233' title='bbox 312 3288 467 3354; x_wconf 81' lang='lat' dir='ltr'>actionem</span> <span class='ocrx_word' id='word_1_234' title='bbox 502 3293 750 3376; x_wconf 82' lang='lat' dir='ltr'>praestantibus,</span> <span class='ocrx_word' id='word_1_235' title='bbox 788 3292 978 3377; x_wconf 87' lang='lat' dir='ltr'>quibusdam</span> <span class='ocrx_word' id='word_1_236' title='bbox 1013 3290 1091 3355; x_wconf 85' lang='lat' dir='ltr'>turti</span> <span class='ocrx_word' id='word_1_237' title='bbox 1125 3290 1375 3354; x_wconf 90' lang='lat' dir='ltr'>tantummodo:</span> 
     </span>
     <span class='ocr_line' id='line_1_30' title="bbox 190 3394 1423 3482; baseline 0.002 -24"><span class='ocrx_word' id='word_1_238' title='bbox 190 3413 247 3458; x_wconf 89' lang='lat' dir='ltr'>nos</span> <span class='ocrx_word' id='word_1_239' title='bbox 280 3394 465 3460; x_wconf 88' lang='lat' dir='ltr'>huiusmodi</span> <span class='ocrx_word' id='word_1_240' title='bbox 497 3396 667 3462; x_wconf 86' lang='lat' dir='ltr'>calliditati</span> <span class='ocrx_word' id='word_1_241' title='bbox 697 3399 824 3463; x_wconf 88' lang='lat' dir='ltr'>obviarn</span> <span class='ocrx_word' id='word_1_242' title='bbox 855 3404 964 3462; x_wconf 85' lang='lat' dir='ltr'>euntes</span> <span class='ocrx_word' id='word_1_243' title='bbox 993 3418 1048 3482; x_wconf 91' lang='lat' dir='ltr'>per</span> <span class='ocrx_word' id='word_1_244' title='bbox 1077 3401 1220 3460; x_wconf 88' lang='lat' dir='ltr'>nostram</span> <span class='ocrx_word' id='word_1_245' title='bbox 1242 3395 1375 3460; x_wconf 85' lang='lat' dir='ltr'>decisio</span> <span class='ocrx_word' id='word_1_246' title='bbox 1422 3413 1423 3416; x_wconf 73' lang='grc'>’</span> 
     </span>
     <span class='ocr_line' id='line_1_31' title="bbox 188 3489 1375 3581; baseline 0.001 -17"><span class='ocrx_word' id='word_1_247' title='bbox 188 3522 263 3566; x_wconf 91' lang='lat' dir='ltr'>nem</span> <span class='ocrx_word' id='word_1_248' title='bbox 293 3501 457 3566; x_wconf 81' lang='lat' dir='ltr'>sanximus</span> <span class='ocrx_word' id='word_1_249' title='bbox 487 3489 548 3569; x_wconf 85' lang='lat' dir='ltr'>non</span> <span class='ocrx_word' id='word_1_250' title='bbox 576 3503 680 3569; x_wconf 88' lang='lat' dir='ltr'>solum</span> <span class='ocrx_word' id='word_1_251' title='bbox 703 3504 782 3568; x_wconf 87' lang='lat' dir='ltr'>furti</span> <span class='ocrx_word' id='word_1_252' title='bbox 805 3506 977 3581; x_wconf 87' lang='lat' dir='ltr'>actionem,</span> <span class='ocrx_word' id='word_1_253' title='bbox 1003 3503 1057 3568; x_wconf 88' lang='lat' dir='ltr'>sed</span> <span class='ocrx_word' id='word_1_254' title='bbox 1081 3504 1178 3567; x_wconf 87' lang='lat' dir='ltr'>etiam</span> <span class='ocrx_word' id='word_1_255' title='bbox 1198 3502 1283 3568; x_wconf 81' lang='lat' dir='ltr'>servi</span> <span class='ocrx_word' id='word_1_256' title='bbox 1309 3523 1375 3566; x_wconf 90' lang='lat' dir='ltr'>cor-</span> 
     </span>
     <span class='ocr_line' id='line_1_32' title="bbox 188 3607 1373 3691; baseline 0 -20"><span class='ocrx_word' id='word_1_257' title='bbox 188 3607 276 3691; x_wconf 84' lang='lat' dir='ltr'>rupti</span> <span class='ocrx_word' id='word_1_258' title='bbox 308 3612 416 3672; x_wconf 87' lang='lat' dir='ltr'>contra</span> <span class='ocrx_word' id='word_1_259' title='bbox 446 3629 518 3673; x_wconf 89' lang='lat' dir='ltr'>eum</span> <span class='ocrx_word' id='word_1_260' title='bbox 550 3609 635 3674; x_wconf 87' lang='lat' dir='ltr'>dari:</span> <span class='ocrx_word' id='word_1_261' title='bbox 664 3609 740 3675; x_wconf 87' lang='lat' dir='ltr'>lieet</span> <span class='ocrx_word' id='word_1_262' title='bbox 763 3613 847 3674; x_wconf 88' lang='lat' dir='ltr'>anim</span> <span class='ocrx_word' id='word_1_263' title='bbox 869 3613 898 3674; x_wconf 90' lang='lat' dir='ltr'>is</span> <span class='ocrx_word' id='word_1_264' title='bbox 920 3630 1030 3675; x_wconf 89' lang='lat' dir='ltr'>servus</span> <span class='ocrx_word' id='word_1_265' title='bbox 1053 3608 1189 3673; x_wconf 86' lang='lat' dir='ltr'>deterior</span> <span class='ocrx_word' id='word_1_266' title='bbox 1211 3630 1231 3673; x_wconf 89' lang='lat' dir='ltr'>a</span> <span class='ocrx_word' id='word_1_267' title='bbox 1254 3607 1373 3673; x_wconf 83' lang='lat' dir='ltr'>sollici-</span> 
     </span>
     <span class='ocr_line' id='line_1_33' title="bbox 188 3713 1373 3801; baseline 0.002 -26"><span class='ocrx_word' id='word_1_268' title='bbox 188 3715 290 3778; x_wconf 87' lang='lat' dir='ltr'>tatore</span> <span class='ocrx_word' id='word_1_269' title='bbox 319 3714 454 3779; x_wconf 89' lang='lat' dir='ltr'>minime</span> <span class='ocrx_word' id='word_1_270' title='bbox 477 3715 579 3780; x_wconf 84' lang='lat' dir='ltr'>factus</span> <span class='ocrx_word' id='word_1_271' title='bbox 603 3721 650 3780; x_wconf 86' lang='lat' dir='ltr'>est</span> <span class='ocrx_word' id='word_1_272' title='bbox 674 3720 705 3779; x_wconf 90' lang='lat' dir='ltr'>et</span> <span class='ocrx_word' id='word_1_273' title='bbox 728 3715 799 3780; x_wconf 90' lang='lat' dir='ltr'>ideo</span> <span class='ocrx_word' id='word_1_274' title='bbox 822 3737 885 3781; x_wconf 92' lang='lat' dir='ltr'>non</span> <span class='ocrx_word' id='word_1_275' title='bbox 908 3719 1094 3780; x_wconf 86' lang='lat' dir='ltr'>concurrant</span> <span class='ocrx_word' id='word_1_276' title='bbox 1115 3713 1265 3801; x_wconf 83' lang='lat' dir='ltr'>regulae,</span> <span class='ocrx_word' id='word_1_277' title='bbox 1289 3735 1373 3798; x_wconf 89' lang='lat' dir='ltr'>quae</span> 
     </span>
     <span class='ocr_line' id='line_1_34' title="bbox 189 3819 1371 3906; baseline -0.001 -23"><span class='ocrx_word' id='word_1_278' title='bbox 189 3822 273 3884; x_wconf 82' lang='lat' dir='ltr'>servi</span> <span class='ocrx_word' id='word_1_279' title='bbox 302 3823 441 3906; x_wconf 86' lang='lat' dir='ltr'>corrupti</span> <span class='ocrx_word' id='word_1_280' title='bbox 471 3824 627 3886; x_wconf 86' lang='lat' dir='ltr'>actionem</span> <span class='ocrx_word' id='word_1_281' title='bbox 657 3821 910 3899; x_wconf 87' lang='lat' dir='ltr'>introducerent,</span> <span class='ocrx_word' id='word_1_282' title='bbox 939 3828 1047 3886; x_wconf 90' lang='lat' dir='ltr'>tamen</span> <span class='ocrx_word' id='word_1_283' title='bbox 1071 3819 1243 3896; x_wconf 87' lang='lat' dir='ltr'>consilium</span> <span class='ocrx_word' id='word_1_284' title='bbox 1265 3840 1371 3884; x_wconf 87' lang='lat' dir='ltr'>corru-</span> 
     </span>
     <span class='ocr_line' id='line_1_35' title="bbox 187 3925 1431 4012; baseline 0.001 -25"><span class='ocrx_word' id='word_1_285' title='bbox 187 3926 287 4010; x_wconf 91' lang='lat' dir='ltr'>ptoris</span> <span class='ocrx_word' id='word_1_286' title='bbox 315 3925 354 3988; x_wconf 91' lang='lat' dir='ltr'>ad</span> <span class='ocrx_word' id='word_1_287' title='bbox 385 3929 558 4010; x_wconf 89' lang='lat' dir='ltr'>perniciem</span> <span class='ocrx_word' id='word_1_288' title='bbox 584 3927 752 4012; x_wconf 90' lang='lat' dir='ltr'>probitatis</span> <span class='ocrx_word' id='word_1_289' title='bbox 773 3929 857 3992; x_wconf 87' lang='lat' dir='ltr'>servi</span> <span class='ocrx_word' id='word_1_290' title='bbox 881 3928 1097 3993; x_wconf 86' lang='lat' dir='ltr'>introductum</span> <span class='ocrx_word' id='word_1_291' title='bbox 1121 3929 1187 4004; x_wconf 88' lang='lat' dir='ltr'>est,</span> <span class='ocrx_word' id='word_1_292' title='bbox 1212 3929 1250 3990; x_wconf 89' lang='lat' dir='ltr'>ut</span> <span class='ocrx_word' id='word_1_293' title='bbox 1272 3928 1319 3990; x_wconf 91' lang='lat' dir='ltr'>sit</span> <span class='ocrx_word' id='word_1_294' title='bbox 1343 3928 1371 3990; x_wconf 87' lang='lat' dir='ltr'>ei</span> <span class='ocrx_word' id='word_1_295' title='bbox 1426 3948 1431 3957; x_wconf 95' lang='lat'>·</span> 
     </span>
     <span class='ocr_line' id='line_1_36' title="bbox 189 4029 1368 4119; baseline 0.003 -27"><span class='ocrx_word' id='word_1_296' title='bbox 189 4029 329 4112; x_wconf 85' lang='lat' dir='ltr'>poenalis</span> <span class='ocrx_word' id='word_1_297' title='bbox 360 4032 442 4095; x_wconf 86' lang='lat' dir='ltr'>actio</span> <span class='ocrx_word' id='word_1_298' title='bbox 472 4035 637 4117; x_wconf 88' lang='lat' dir='ltr'>imposita,</span> <span class='ocrx_word' id='word_1_299' title='bbox 670 4038 836 4118; x_wconf 88' lang='lat' dir='ltr'>tamquam</span> <span class='ocrx_word' id='word_1_300' title='bbox 867 4055 901 4100; x_wconf 89' lang='lat' dir='ltr'>re</span> <span class='ocrx_word' id='word_1_301' title='bbox 931 4037 1001 4119; x_wconf 88' lang='lat' dir='ltr'>ipsa</span> <span class='ocrx_word' id='word_1_302' title='bbox 1030 4034 1141 4098; x_wconf 76' lang='lat' dir='ltr'>fiiismt</span> <span class='ocrx_word' id='word_1_303' title='bbox 1168 4053 1277 4100; x_wconf 81' lang='lat' dir='ltr'>servus</span> <span class='ocrx_word' id='word_1_304' title='bbox 1303 4053 1368 4098; x_wconf 89' lang='lat' dir='ltr'>cor-</span> 
     </span>
     <span class='ocr_line' id='line_1_37' title="bbox 149 4137 1366 4227; baseline 0.006 -30"><span class='ocrx_word' id='word_1_305' title='bbox 149 4177 150 4182; x_wconf 19' lang='grc' dir='ltr'><strong>κ</strong></span> <span class='ocrx_word' id='word_1_306' title='bbox 188 4140 317 4219; x_wconf 89' lang='lat' dir='ltr'>ruptus,</span> <span class='ocrx_word' id='word_1_307' title='bbox 345 4156 384 4200; x_wconf 89' lang='lat' dir='ltr'>ne</span> <span class='ocrx_word' id='word_1_308' title='bbox 413 4156 451 4200; x_wconf 83' lang='lat' dir='ltr'>ex</span> <span class='ocrx_word' id='word_1_309' title='bbox 481 4137 642 4204; x_wconf 88' lang='lat' dir='ltr'>huismodi</span> <span class='ocrx_word' id='word_1_310' title='bbox 671 4141 864 4226; x_wconf 73' lang='lat' dir='ltr'>impunitate</span> <span class='ocrx_word' id='word_1_311' title='bbox 894 4145 926 4206; x_wconf 88' lang='lat' dir='ltr'>et</span> <span class='ocrx_word' id='word_1_312' title='bbox 954 4141 988 4207; x_wconf 94' lang='lat' dir='ltr'>in</span> <span class='ocrx_word' id='word_1_313' title='bbox 1018 4139 1119 4207; x_wconf 89' lang='lat' dir='ltr'>alium</span> <span class='ocrx_word' id='word_1_314' title='bbox 1141 4159 1283 4218; x_wconf 84' lang='lat' dir='ltr'>servum,</span> <span class='ocrx_word' id='word_1_315' title='bbox 1312 4141 1366 4227; x_wconf 90' lang='lat' dir='ltr'>qui</span> 
     </span>
    </p>
   </div>
   <div class='ocr_carea' id='block_1_4' title="bbox 0 0 1448 4616">
    <p class='ocr_par' dir='ltr' id='par_1_4' title="bbox 0 0 1448 4616">
     <span class='ocr_line' id='line_1_38' title="bbox 0 0 1448 4616; baseline 0 1"><span class='ocrx_word' id='word_1_316' title='bbox 0 0 1448 4616; x_wconf 95' lang='lat' dir='ltr'> </span> 
     </span>
    </p>
   </div>
   <div class='ocr_carea' id='block_1_5' title="bbox 1442 1689 1447 2300">
    <p class='ocr_par' dir='ltr' id='par_1_5' title="bbox 1442 1689 1447 2300">
     <span class='ocr_line' id='line_1_39' title="bbox 1442 1689 1447 2300; baseline 0 0"><span class='ocrx_word' id='word_1_317' title='bbox 1442 1689 1447 2300; x_wconf 95' lang='lat' dir='ltr'> </span> 
     </span>
    </p>
   </div>
  </div>
 </body>
</html>
