2974 4582
509 55 564 103 ear
586 37 610 101 I.
634 35 670 121 ἓξ
683 31 870 100 102-106.
1235 31 1279 100 63

1 225 93 312 102)
152 225 234 290 Item
257 226 469 316 imppuberem
492 226 576 309 apud
598 223 754 310 populum
777 223 919 308 adoptari
938 220 1107 306 aliquando
1125 215 1275 308 proihibi-
1299 247 1349 302 s‚s

105 337 176 396 tum
200 335 264 407 est,
290 330 459 416 aliquando
481 332 689 414 permissam
713 325 805 414 seffl)
826 349 909 393 nuno
933 347 972 390 ex
997 320 1145 412 elpistulu
1163 330 1312 413 optimis
1483 327 1485 356 t

103 439 303 521 imperatoris
325 437 495 514 Antonini,
521 455 618 520 quam
638 438 765 521 scripsit
784 431 1014 524 pontificibus,
1035 435 1062 497 si
1080 434 1166 498 iusta
1183 452 1277 502 eausa
1299 457 1313 500 s

104 541 282 627 adoptionis
311 562 377 606 esse
409 541 587 616 videbitur,
618 561 694 605 oum
722 539 913 626 quibusdam
944 537 1180 604 condicionibus
1208 561 1313 625 per-r

102 649 238 712 missum
266 647 460 731 est51epud
483 649 659 731 praetorem
690 667 765 712 vero
791 650 823 710 et
847 646 882 708 in
906 644 1078 727 provinciis
1100 645 1184 729 apud
1205 667 1312 732 pro-s
1433 671 1435 678 ’

103 751 263 818 oonsulem
284 752 290 837 Ι
308 751 494 840 legatumne
528 754 756 838 cuiuscumque
786 751 899 816 aetatis
921 747 1068 833 adoptare
1086 752 1275 846 possumus}
1299 773 1312 817 s

0 872 1 918 i
20 858 92 938 03)
150 856 234 922 Hlud
263 877 338 922 vero
368 860 535 943 utriusque
564 858 748 943 adoptionis¹
769 875 937 923 commune
961 858 1027 930 est,
1051 855 1134 938 quod
1158 862 1190 922 et
1209 858 1215 944 Ι
1235 858 1271 924 hi
1294 879 1329 936 so,
1342 881 1366 924 a

102 964 158 1050 qui
179 983 328 1049 generare
350 983 414 1027 non
436 968 583 1048 possunt,
608 963 716 1048 quales
739 968 813 1028 sunt
836 959 1005 1047 spadones,
1026 958 1184 1056 edopptare
1204 981 1275 1048 pos·
1297 985 1323 1028 aa

103 1072 194 1146 sunt;
217 1067 355 1132 feminae
377 1087 453 1134 vero
474 1067 564 1134 nullo
585 1069 680 1134 modo
700 1070 859 1156 adoptapre
876 1067 1024 1151 possunt,
1038 1067 1113 1149 quia
1130 1073 1274 1134 uenatu-
1296 1092 1322 1136 12

99 1173 182 1240 relos
211 1172 342 1258 quidem
354 1173 380 1258 ²)
408 1173 524 1238 liberos
545 1175 580 1238 in
600 1175 605 1258 Ι
625 1179 780 1259 potestate
803 1173 931 1240 habent.
977 1166 1059 1234 Item
1082 1173 1175 1257 si[ve]
1203 1177 1276 1258 quis
1296 1197 1322 1241 u

100 1299 159 1366 per
179 1277 334 1362 populum
357 1281 436 1356 silve
461 1279 545 1364 apud
567 1285 744 1364 praetorem
768 1280 821 1346 uel
843 1279 928 1365 apud
949 1274 1126 1362 praesidem
1148 1281 1280 1363 provin·¹
1296 1303 1322 1346 as

16 1388 88 1473 06)
101 1389 170 1452 siae
192 1382 400 1473 adoptalverit
421 1390 526 1470 potest
549 1385 685 1451 eundem
708 1386 765 1452 alii
786 1389 822 1451 in
844 1385 1046 1470 adoptionem
1066 1381 1162 1454 deire.
1207 1382 1271 1450 Sed
1293 1407 1327 1464 ss,
1341 1409 1368 1452 ar
1484 1415 1485 1436 r

102 1497 136 1556 et
159 1489 241 1552 illud
250 1489 276 1576 ³)
302 1492 351 1572 [de
372 1491 442 1576 quo]
467 1492 610 1575 quaestio
634 1497 699 1577 est,
724 1514 764 1558 an
781 1493 887 1557 minor
908 1495 985 1555 netu
996 1486 1151 1556 maiorem
1169 1487 1176 1575 1
1196 1495 1279 1556 natu
1297 1513 1322 1557 aa

101 1597 253 1679 adoptare
273 1597 390 1680 possit,
414 1598 579 1680 utriusque
602 1597 780 1684 adoptionis
804 1595 983 1686 eomlmune
1007 1598 1065 1662 est.
1296 1615 1322 1659 aa

90 3693 295 3706 --

140 3775 175 3932 ἑζ
194 3773 225 3918 g.
244 3775 297 3918 ῗῗθ
316 3861 429 3932 quidem
448 3863 607 3918 naturales”
623 3862 723 3919 omisso
743 3861 820 3934 signo
839 3861 1062 3933 transpositionis
1082 3873 1119 3934 χ.

141 3955 174 4024 3)
193 3953 225 4007 C.
252 3952 321 4007 »illa
344 3953 498 4022 quaesti0.”
525 3952 637 4008 Scilicet
661 3954 809 4022 postquam
834 3951 949 4007 voculae
970 3954 1002 4008 de
1021 3970 1070 4024 quo
1089 3949 1290 4015 emissenam,

100 4045 176 4098 illud
193 4042 266 4098 abiit
283 4042 313 4096 in
332 4044 388 4098 illo.
