2934 4608
171 76 214 144 52
492 93 577 143 rusr.
596 74 638 141 Π.
663 93 724 141 νη.
740 76 776 160 §§
789 73 827 158 3,
853 73 976 138 4.r111.
999 95 1046 158 pr.

173 241 416 349 constituimus,
445 269 486 328 ut
513 264 594 330 tales
621 265 804 331 donationes
834 283 899 328 non
928 266 1104 349 augeantur
1130 264 1277 332 tantum,
1301 256 1352 321 sed

174 377 207 437 et
226 375 388 436 constante
412 372 616 436 matrimonio
639 372 771 435 initium
794 371 950 453 accipiant
974 373 1006 432 et
1029 387 1092 432 non
1115 371 1187 430 ante
1210 363 1354 447 nuptias,

174 476 229 541 sed
258 481 388 561 propter
416 477 546 560 nuptias
576 480 730 541 vocentur
761 479 793 539 et
824 473 952 538 dotibus
979 474 1013 536 in
1043 471 1103 536 hoc
1126 474 1355 552 exaequentur,

170 587 225 665 ut,
258 580 530 665 quemadmodum
562 581 651 647 dotes
684 587 717 646 et
748 584 909 645 constante
939 579 1145 643 matrimonio
1164 594 1227 638 non
1250 572 1354 638 solum

178 691 355 772 augentur,
387 686 442 751 sed
473 688 573 751 etiam
604 685 704 759 fiunt,
733 688 779 750 ita
803 690 836 751 et
858 688 938 750 istae
962 683 1161 756 donationes,
1185 699 1267 764 quae
1289 697 1357 762 pro

174 797 246 876 pter
274 793 405 876 nuptias
430 791 629 856 introductae
652 797 744 864 sunt,
768 811 831 855 non
856 789 961 856 solum
984 787 1171 853 antecedant
1193 786 1358 850 matrImo·

175 899 290 977 nium,
315 897 370 962 sed
395 899 493 961 etiam
517 917 554 962 eo
576 902 737 962 contracto
760 903 793 962 et
815 900 994 983 augeantur
1016 897 1049 957 et
1071 893 1315 955 constituantur.

220 1001 299 1066 ltrat
329 1000 408 1066 olim
440 1011 472 1066 et
502 1001 585 1067 alius
614 1002 730 1067 modus
760 1000 867 1066 civilis
894 999 1116 1084 adquisitionis
1146 993 1378 1081 periurabo

176 1108 351 1184 crescendi,
385 1107 469 1191 quod
490 1112 538 1173 est
560 1107 642 1172 tale:
667 1110 696 1172 si
719 1126 923 1172 communem
947 1125 1076 1170 servum
1099 1102 1218 1166 habens
1243 1098 1356 1183 aliquis

176 1232 252 1276 oum
279 1210 365 1277 Titio
395 1211 483 1277 solus
511 1212 694 1278 libertatem
725 1214 755 1276 ei
777 1213 932 1296 imposuit
955 1209 1007 1276 vel
1028 1208 1170 1274 vindicta
1187 1205 1242 1270 vel
1264 1209 1358 1268 tecta

175 1321 299 1400 mento,
336 1337 373 1382 eo
408 1338 482 1382 casu
515 1337 588 1402 pars
623 1321 691 1382 eius
726 1317 935 1382 omittebatur
968 1319 1001 1380 et
1033 1314 1116 1378 socio
1149 1309 1358 1375 adcrescebat.

177 1419 233 1484 sed
264 1441 338 1484 cum
367 1424 506 1505 pessimo
537 1422 642 1487 fuerat
672 1416 818 1507 exeinplo
850 1426 882 1486 et
911 1421 1060 1486 libertate
1085 1437 1215 1483 servum
1238 1415 1359 1479 defrau-

179 1525 248 1589 dari
279 1530 311 1590 et
342 1547 381 1590 ex
411 1547 447 1590 ea
478 1526 720 1592 humanioribus
742 1526 872 1611 quidem
895 1527 1033 1590 domimo
1055 1525 1210 1588 damnum
1231 1519 1359 1595 inferri,

181 1631 392 1695 severioribus
422 1637 532 1696 autem
563 1631 691 1697 lucrum
722 1632 916 1697 adcrescere:
941 1631 1000 1697 hoc
1022 1632 1111 1715 quasi
1132 1628 1274 1693 invidiae
1296 1623 1361 1709 ple·

177 1755 257 1798 num
292 1738 346 1820 pio
379 1736 520 1801 remedio
553 1758 610 1822 per
640 1742 782 1802 nostram
815 1740 1073 1802 constitutionem
1103 1735 1226 1799 mederi
1257 1748 1360 1795 neces·

177 1843 299 1904 sariam
330 1841 483 1906 duximus
506 1847 539 1906 et
559 1845 743 1909 invenimus
763 1846 869 1927 viam,
893 1864 949 1928 per
971 1862 1067 1928 quarn
1092 1848 1125 1905 et
1147 1838 1361 1903 manumissor

179 1950 211 2009 et
241 1947 345 2009 socius
379 1949 448 2011 eius
478 1953 511 2011 et
542 1951 597 2032 qui
621 1948 805 2013 libertatem
828 1952 949 2034 accepit
971 1952 1078 2012 nostro
1100 1945 1247 2009 fruantur
1270 1943 1360 2006 bene

179 2047 268 2126 ficio,
294 2049 442 2115 libertate
466 2072 540 2116 oum
564 2053 676 2118 effectu
693 2055 880 2139 procedente
894 2093 935 2103 -
949 2056 1040 2119 cuius
1052 2052 1158 2116 favore
1171 2056 1203 2114 et
1214 2051 1360 2132 antIquos

177 2154 377 2252 legislatores
407 2157 513 2222 multa
543 2163 576 2223 et
597 2164 705 2223 contra
727 2179 913 2224 communes
935 2158 1063 2246 regulas
1085 2158 1235 2221 statuisse
1256 2154 1358 2218 mani·

179 2260 390 2326 festissimum
415 2268 464 2327 est
479 2269 567 2328 -et
589 2284 626 2329 eo
650 2266 705 2350 qui
728 2286 801 2330 eam
822 2267 978 2350 imposuit
1000 2284 1075 2329 suae
1086 2260 1291 2326 liberalitatis
1302 2264 1361 2323 sta·

179 2365 305 2431 bilitate
336 2368 495 2454 gaudente
519 2374 550 2434 et
573 2372 658 2435 socio
679 2371 824 2435 indemni
846 2374 1029 2435 conservato
1052 2369 1255 2453 pretiumque
1280 2363 1363 2429 servi

179 2473 355 2537 secundum
377 2479 502 2559 partem
527 2475 679 2552 dominii,
703 2475 787 2560 quod
809 2495 866 2540 nos
889 2472 1111 2549 definivimus,
1136 2473 1320 2555 accipiente.

729 2688 815 2753 VIII.

428 2826 564 2896 QUIBUS
584 2825 780 2884 calennae
800 2825 911 2884 mour
931 2824 1005 2884 VEL
1025 2821 1116 2881 NON.

223 2980 372 3052 Accidit
398 2969 607 3078 aliqnando,
625 2994 664 3053 ut
682 2983 743 3080 qui
761 2982 925 3053 dominus
943 2984 990 3053 sit
1007 2981 1161 3052 alienare
1181 3005 1257 3053 non
1274 3006 1362 3078 pos·

179 3094 225 3164 sit
250 3103 286 3164 et
311 3106 435 3164 contra
460 3097 520 3191 qui
545 3093 710 3166 dominus
737 3121 809 3166 uon
834 3097 880 3165 sit
903 3094 1114 3165 alienandae
1134 3095 1186 3163 rei
1206 3103 1359 3190 potesta·

176 3215 284 3276 tatem
303 3204 443 3279 haheat.
480 3233 561 3277 uam
581 3206 701 3278 dotale
719 3207 902 3305 praedium
920 3208 1066 3278 maritus
1083 3208 1193 3278 invita
1212 3205 1360 3276 muliere

175 3345 240 3416 per
269 3319 385 3416 legem
417 3320 546 3391 Iuliam
571 3320 778 3417 prohibetur
803 3321 974 3413 alienare,
998 3320 1158 3417 quamvis
1182 3319 1294 3415 ipsius
1315 3319 1361 3388 sit

175 3430 268 3501 dotis
301 3457 407 3501 causa
433 3434 466 3503 ei
498 3433 629 3504 datum.
677 3435 761 3520 quod
791 3455 848 3499 nos
880 3434 987 3521 legem
1014 3432 1132 3497 Iubam
1163 3435 1358 3519 corrigentes

173 3547 207 3609 in
230 3544 398 3611 meliorem
422 3552 543 3612 statum
567 3548 768 3612 deduximus.
804 3569 879 3612 cum
901 3549 987 3612 enim
1010 3545 1064 3610 lex
1082 3548 1116 3609 in
1135 3544 1196 3611 soli
1215 3551 1357 3610 tantum·
1449 3581 1450 3600 κ

173 3651 269 3715 modo
300 3653 393 3716 rebus
423 3652 531 3718 Iocum
559 3654 716 3732 habebat,
750 3674 830 3738 quae
861 3651 991 3717 Italicae
1013 3651 1157 3729 fuerant,
1183 3657 1215 3715 et
1239 3651 1356 3715 aliena

174 3757 277 3820 tiones
296 3757 479 3842 inhibebat,
499 3778 579 3842 quae
597 3761 700 3824 invita
719 3759 854 3824 muliere
873 3757 1008 3836 fiebant,
1028 3758 1225 3844 hypothecas
1245 3762 1356 3819 autem

175 3881 285 3924 earum
305 3865 403 3926 etiam
422 3862 564 3929 volente:
586 3865 729 3947 utrisque
748 3863 926 3928 remedium
946 3865 1178 3949 imposuimus,
1198 3868 1237 3926 ut
1257 3863 1357 3927 etiam

173 3966 207 4030 in
231 3987 282 4030 eas
305 3987 368 4043 res,
394 3987 473 4050 quae
496 3969 531 4030 in
554 3968 831 4052 provincialisolo
852 3971 974 4054 positae
993 3973 1083 4047 sunt,
1108 3968 1280 4033 interdicta
1299 3965 1356 4031 fiat

172 4070 320 4136 alienatio
346 4070 399 4138 vel
421 4071 576 4157 obligatio
599 4077 630 4136 et
654 4079 804 4138 neutrum
828 4094 937 4139 eorum
961 4095 1062 4158 neque
1086 4073 1357 4139 consentientibus
