2880 4614
389 91 392 100 .
463 58 518 108 sn
540 41 601 108 111.
624 39 818 130 sque-76.
1168 40 1235 111 225

60 237 185 319 patrono
216 232 256 297 ab
286 234 475 317 imperatore
505 233 556 296 ius
588 230 763 311 Quiritium
796 235 965 324 eonqsecnti
998 237 1119 306 essent,
1145 235 1172 298 si
1195 255 1267 300 eon

60 343 124 404 iure
153 344 262 425 postea
290 341 342 402 usi
369 343 490 416 essent,
517 359 579 423 quo
603 359 641 402 ex
664 337 735 424 lege
756 339 761 422 Ι
782 337 874 402 Aelia
897 337 1024 415 Sentia,
1048 338 1103 409 vel
1125 360 1164 403 ex
1188 362 1232 405 se·
1245 362 1271 404 aa

60 446 310 529 natusoonsulto,
331 447 358 510 si
377 445 470 508 latini
490 447 681 509 mansissent
694 441 731 528 1),
753 447 757 528 Ι
779 447 943 510 civitatem
964 443 1142 508 Romanam
1163 465 1233 510 con·
1245 467 1272 510 sa

59 558 277 636 sequerentur,
302 552 430 637 perinde
453 553 515 636 ipsi
537 551 756 647 habelrentur,
781 571 817 615 ac
841 554 867 615 si
885 550 956 636 lege
975 549 1271 617 AliaSentiavelss

59 658 326 726 senatusconsulto
350 658 390 722 ad
413 659 579 723 civitatem
602 657 783 722 Romanam
805 658 1030 742 pervenissent.
1044 657 1060 732 ΙΙ

9 765 26 851 l)
98 764 218 830 llomm
249 766 374 841 autem,
399 782 477 848 quos
499 762 553 828 lex
575 761 667 828 Aelia
691 760 801 828 Sentis
824 763 1049 827 dediticiorum
1071 783 1204 828 numero
1224 764 1229 847 Ι
1285 760 1350 828 147

58 869 144 948 facit,
179 871 264 935 bona
293 869 388 934 modo
414 871 505 954 qnasi
529 871 652 935 civium
675 868 892 934 Romanorum
916 866 1121 946 libertorum,
1145 870 1266 934 modos
1306 855 1375 934 23Μ’)

8 975 27 1063 i)
57 978 143 1060 quasi
172 975 374 1061 {latinorum
406 975 446 1040 ad
475 979 622 1060 patronos
652 977 820 1061 pertinent.
867 974 951 1040 Nam
982 995 1093 1039 eorum
1126 973 1235 1055 belna,
1248 998 1297 1060 as

58 1085 109 1166 qui
140 1083 168 1146 si
198 1084 235 1145 in
266 1081 372 1166 aliquo
404 1082 485 1148 vitio
515 1102 578 1146 non
609 1086 728 1156 essent,
752 1082 943 1145 manumissi
966 1082 1051 1146 cives
1070 1079 1234 1166 Romanii

58 1189 154 1252 futuri
178 1191 302 1266 essent,
328 1189 418 1272 quasi
442 1187 562 1253 civium
587 1173 804 1252 Romanorum
828 1183 969 1271 patronis
992 1207 1028 1251 ea
1041 1185 1066 1273 ²)
1091 1185 1163 1275 lege
1183 1189 1265 1252 tri-s

59 1284 227 1373 buluntur,
261 1314 324 1359 non
354 1299 461 1358 tamen
490 1293 565 1377 ut³)
594 1291 764 1378 habe[o]nt
787 1294 885 1356 etiam
909 1295 1095 1357 testamenti
1117 1289 1298 1370 saletio-qr

58 1420 144 1477 nem,
165 1421 244 1464 nam
263 1399 295 1464 id
315 1398 475 1484 plerisque
493 1397 632 1483 placuit;
654 1419 711 1463 nec
730 1400 895 1462 immerito
901 1416 909 1475 ;
932 1418 1008 1462 nam
1029 1399 1033 1481 Ι
1053 1398 1265 1464 incredibiles

58 1506 242 1582 videbatur,
275 1507 431 1590 pessimae
463 1504 654 1569 condicionis
677 1503 873 1590 helminibus
896 1502 1034 1569 voluisse
1058 1503 1141 1591 legis
1163 1505 1266 1570 latos

6 1609 29 1691 i)
60 1632 125 1676 rem
155 1613 343 1676 testamenti
370 1598 517 1691 falciendi
539 1613 591 1674 ius
612 1609 793 1686 concedere;
818 1629 928 1674 eorum
952 1611 1149 1695 verobona,
1173 1614 1228 1695 qui
1240 1631 1265 1676 ro

60 1719 85 1781 si
114 1718 259 1801 nontin
289 1714 395 1801 aliquo
426 1718 508 1780 vitio
533 1719 636 1780 essent
658 1717 864 1791 manumissi,
889 1713 983 1780 latini
1004 1715 1105 1781 futuri
1117 1719 1142 1800 ⁴)
1167 1718 1172 1803 Ι
1193 1737 1238 1782 es·
1251 1739 1285 1791 n,
1298 1738 1323 1780 n

60 1829 142 1910 sent,
166 1822 298 1909 perinde
321 1821 508 1886 tribuuntur
529 1823 689 1906 patronis,
714 1842 749 1886 ac
773 1823 801 1886 si
823 1821 917 1885 latini
936 1817 1169 1894 delcessissent:
1182 1844 1276 1889 necis

60 1950 109 1994 me
131 1929 285 2015 praeterit
307 1947 369 1992 non
392 1929 470 1992 eatis
493 1930 527 1991 in
551 1948 588 1992 ea
610 1948 643 1993 re
666 1926 895 2014 leigislatorem
921 1927 1122 1995 voluntatem
1146 1950 1237 1994 suam
1250 1951 1275 1993 rs

60 2036 163 2101 verbis
187 2035 389 2120 expressisse.
411 2035 416 2117 Ι

100 3665 128 3737 1)
148 3666 189 3723 o:
209 3663 373 3720 manumissi
392 3667 492 3720 essent.

98 3756 125 3826 *)
144 3773 225 3826 ηας.
244 3754 361 3810 interior
379 3755 513 3810 facillime
531 3752 664 3824 legitur”.

99 3844 128 3916 2)
149 3845 194 3900 O.:
214 3843 321 3899 eadem.

100 3972 128 4043 8)
147 3971 258 4027 Incerta
277 3959 362 4026 lectio
382 3976 433 4028 est.
453 3969 578 4028 Studem.
600 3968 687 4025 eruit:
707 3927 748 4024 ll.

100 4062 131 4132 4)
149 4063 192 4118 0.:
211 4062 299 4118 finituri
317 4062 408 4117 latini.

131 4173 166 4224 ll.
