2934 4608
214 76 257 141 60
605 96 688 143 ruso.
713 78 753 142 II.
777 95 823 142 ix.
847 77 936 161 ἕξεί,
962 77 992 142 5.

212 261 308 360 quod
342 264 435 337 enim
469 263 603 360 placuit
635 262 681 334 de
713 233 974 335 usubuetuaiio
984 311 998 351 ,
1027 261 1123 334 idem
1147 261 1268 359 planet
1293 274 1330 332 et
1352 261 1394 333 de

212 373 306 445 bona
331 374 403 446 tide
428 402 643 471 possessore.
693 376 811 475 itaque
835 374 932 474 quod
957 385 1055 444 extra
1080 374 1168 445 duas
1193 376 1281 444 istas
1304 397 1397 444 cau-

211 512 269 558 sas
294 486 510 584 adquiritur,
532 487 569 558 id
596 486 652 560 vel
676 487 722 558 ad
746 489 861 585 ipsum
885 487 1057 583 pertinet,
1083 487 1114 556 si
1138 485 1231 557 liber
1256 498 1326 579 est,
1342 483 1397 556 'vei
1459 577 1460 580 Ἴ

215 597 261 668 ad
291 598 493 693 dominum,
527 601 557 671 si
590 626 712 672 servus
748 613 812 673 est.
865 598 928 670 sed
960 598 1079 669 bonae
1103 597 1188 669 tidei
1213 622 1399 696 possessor

212 735 292 782 cum
327 712 529 809 usucaperit
561 738 720 805 servum,
756 709 838 810 quia
872 738 915 783 eo
944 711 1052 782 modo
1078 709 1243 782 dominus
1269 711 1330 800 fit,
1358 738 1400 782 ex

211 819 376 896 omnibus
402 827 517 896 causis
542 851 607 922 per
626 849 704 895 eum
730 824 799 895 sibi
820 825 1007 922 adquirere
1028 834 1165 920 potest:
1186 824 1402 896 fructuarius

211 959 297 1006 vero
330 962 524 1034 usucapere
557 963 631 1008 non
661 947 796 1034 potest,
826 939 977 1034 primum
1011 937 1092 1034 quia
1126 962 1198 1007 non
1224 935 1402 1033 possidet,

213 1048 276 1119 sed
309 1045 417 1120 habet
449 1051 503 1120 ius
533 1051 656 1122 utendi
690 1049 851 1143 fruendi,
888 1048 1019 1119 deinde
1053 1051 1136 1147 quia
1169 1049 1237 1119 scit
1260 1074 1401 1118 servum

215 1160 368 1231 alienum
394 1187 482 1235 esse.
536 1187 608 1232 non
634 1161 749 1232 solum
775 1174 892 1232 autom
918 1163 1116 1258 proprietas
1141 1187 1206 1258 per
1226 1187 1289 1232 eos
1316 1187 1402 1232 sor-

210 1299 295 1366 vos,
327 1281 362 1342 in
391 1277 508 1361 quibus
537 1297 635 1341 nsum
658 1275 801 1340 fructum
829 1275 955 1340 habetis
977 1276 1031 1342 vel
1066 1300 1156 1372 quos
1194 1272 1291 1344 bona
1330 1271 1401 1344 tide

209 1383 416 1482 possidetis,
454 1385 512 1456 vel
549 1411 612 1482 per
649 1383 798 1456 liberam
832 1410 1043 1482 personam,
1074 1412 1165 1484 quae
1200 1385 1296 1458 bona
1331 1384 1402 1456 fide

213 1496 316 1569 ¹vobis
344 1500 476 1587 servit,
502 1497 699 1595 adquiritur
716 1497 843 1586 vobis,
863 1496 926 1568 sed
945 1499 1051 1570 etiam
1068 1500 1264 1596 possessio:
1282 1497 1404 1596 loqui·

212 1635 292 1680 mur
323 1622 439 1682 autem
470 1611 507 1680 in
531 1611 713 1708 utriusque
737 1636 889 1706 persona
913 1610 1107 1682 seeundum
1134 1611 1403 1700 definitionem,

210 1749 318 1820 quam
351 1725 509 1819 proxime
543 1723 789 1820 exposuimus,
813 1721 850 1792 id
876 1734 930 1796 est
953 1725 984 1796 si
1009 1751 1115 1821 quam
1141 1724 1401 1820 possessionem
1460 1753 1461 1756 ¹

212 1860 256 1906 ex
287 1862 325 1907 re
355 1847 472 1908 vestra
505 1835 561 1906 vel
589 1835 825 1933 exoperibus
852 1838 925 1908 suis
950 1835 1069 1934 adepti
1095 1837 1212 1906 fuerit.
1264 1837 1323 1906 Ex
1348 1836 1433 1908 biss

214 1947 333 2050 itaque
363 1959 509 2045 apparet
538 1974 602 2044 per
631 1946 764 2019 liberos
794 1946 980 2037 homines,
1013 1974 1103 2046 quos
1134 1972 1249 2045 neque
1283 1959 1401 2019 vestro

212 2060 282 2129 iuri
319 2059 497 2132 subiectos
528 2060 667 2132 habetis
705 2085 821 2157 neque
855 2059 951 2131 bona
979 2060 1052 2132 fide
1084 2061 1294 2159 possidetis,
1319 2063 1404 2132 item

172 2233 176 2248 ,
213 2198 277 2268 per
309 2173 445 2245 alienos
480 2199 625 2261 servos,
658 2173 697 2241 in
730 2172 858 2270 quibus
885 2199 998 2272 neque
1024 2200 1126 2244 usum
1154 2173 1308 2244 fructum
1335 2172 1404 2243 ba·

208 2283 308 2357 *betis
338 2310 453 2383 neque
483 2286 610 2356 iustam
640 2286 924 2382 possessionem,
957 2285 1054 2357 nulla
1085 2311 1130 2359 ex
1162 2310 1269 2357 eausa
1299 2285 1403 2357 vobis

213 2399 355 2497 adquiri
387 2425 502 2496 posse.
553 2408 589 2468 et
621 2395 690 2469 boo
723 2408 795 2491 est,
828 2397 924 2494 quod
956 2395 1087 2469 dieitur
1112 2425 1176 2495 per
1199 2409 1403 2470 extraneam

216 2537 403 2607 personam
431 2510 521 2581 nibil
545 2511 685 2609 adquiri
709 2533 832 2607 posse:
857 2503 987 2596 excepto
1010 2533 1064 2589 ao,
1089 2512 1173 2597 quod
1192 2534 1248 2598 per
1267 2511 1404 2577 liberam

214 2645 384 2711 personam
406 2625 509 2692 veluti
531 2647 588 2711 per
610 2629 847 2711 procuratorem
870 2623 975 2709 ploret
998 2643 1061 2688 non
1081 2622 1186 2688 solum
1206 2624 1401 2702 scientibus,

217 2731 274 2796 sad
308 2733 407 2795 etiam
440 2733 662 2818 ignorantibus
694 2731 786 2796 vobis
816 2730 942 2814 adquiri
972 2729 1201 2813 possessionem
1225 2728 1403 2794 seeundum
1464 2741 1465 2744 ’

217 2835 287 2899 divi
313 2833 423 2900 Severi
446 2839 707 2901 constitutionem
731 2841 763 2900 et
786 2836 946 2920 perhanc
969 2833 1200 2920 possessionem
1224 2836 1324 2898 etiam
1349 2835 1403 2900 do

175 2993 178 2999 ,
220 2942 376 3018 minium,
397 2943 425 3004 si
444 2939 592 3005 dominus
609 2941 672 3005 fuit
691 2944 747 3025 qui
767 2941 912 3018 tradidit,
935 2940 988 3006 vel
1003 2941 1231 3025 usucapionem
1243 2944 1300 3004 ant
1311 2939 1404 3026 longi

219 3048 372 3131 temporis
393 3049 690 3132 praescriptionem,
715 3049 742 3110 si
767 3047 915 3113 dominus
937 3048 1076 3128 nonsit.
1206 3101 1242 3106 -.
