2880 4614
311 40 330 75 -,
443 23 499 77 cn
521 7 578 76 111.
591 9 627 94 ss
651 4 842 76 raa-137.
1165 7 1231 80 arr

54 201 133 265 cuit:
157 199 271 266 Sabino
295 202 404 266 autem
425 206 457 264 et
481 197 589 265 Cassio
612 201 720 267 uisum
745 203 809 272 est,
830 198 836 285 Ι
856 200 884 264 si
907 217 925 262 a
947 218 985 264 re,
1004 199 1039 262 in
1059 217 1226 283 personam
1240 221 1266 264 rs

54 304 105 370 fiat
134 326 248 372 nomen
280 307 564 390 transscripticium
594 311 692 370 etiam
715 305 904 391 perelgrinos
928 303 1078 390 obligari,
1103 307 1132 368 si
1153 325 1228 372 vero
1241 325 1266 370 rs

25 409 73 493 lja
91 432 220 496 persona
242 413 277 474 in
297 431 464 496 personam
486 431 549 476 non
572 411 720 498 obligari.
742 412 748 495 Ι
778 410 928 474 Practera
947 409 1130 476 litterarum
1149 411 1284 477 obli-rr·

53 521 137 604 gotio
167 516 235 583 fieri
266 517 393 582 videtur
421 517 651 603 chirolgraphis
675 521 706 582 et
727 516 933 604 syngraphis,
958 516 992 579 id
1017 523 1081 602 est,
1106 519 1133 581 si
1157 519 1266 602 quista

54 624 161 689 debere
193 644 226 689 se
250 628 307 688 aut
330 618 492 712 datulrum
516 624 608 708 ses[e]
636 623 773 700 scribat,
797 625 844 687 ita
866 621 988 687 scilicet
1002 619 1039 710 1),
1064 626 1092 688 si
1116 644 1152 688 eo
1175 643 1267 689 no-ro

52 732 133 793 mine
155 728 327 815 stipulatilo
352 749 414 794 non
437 726 508 806 fiat,
535 729 617 814 quod
643 749 745 816 genus
769 727 975 816 obligationis
993 731 1159 814 proprium
1178 749 1267 815 peso

51 832 223 929 grilncrum
248 841 305 900 est.
1240 859 1264 903 rr

25 937 41 1021 i)
95 937 255 1007 Consensu
282 939 365 1006 fiunt
386 941 598 1029 obligationes
618 943 624 1030 Ι
644 945 679 1006 in
702 942 905 1028 emptoribus
918 941 945 1028 2)
971 941 1224 1020 venditionibus,
1240 965 1266 1008 rs

25 1045 42 1134 i)
51 1047 255 1114 locationibus
287 1042 575 1132 conlduotionibus,
594 1127 595 1130 Ἴ
613 1050 836 1124 societatibus,
860 1049 1037 1116 mandatis:
1060 1051 1064 1134 )
1087 1048 1111 1136 3)
1125 1070 1311 1135 aequoreos

51 1153 356 1238 verborumllneque
378 1155 552 1238 scripturae
576 1153 645 1220 ulla
666 1157 842 1239 proprietas
863 1155 1077 1232 desideratur,
1101 1155 1232 1220 sedsuf-
1279 1155 1345 1222 164

51 1258 124 1348 fitcit
146 1281 214 1338 eos,
240 1263 296 1345 qui
318 1263 485 1346 negotium
510 1266 628 1348 gerunt
650 1263 852 1326 consensisse.
891 1260 982 1324 Unde
1005 1262 1099 1344 intter
1123 1262 1279 1342 obses-ss
1294 1249 1365 1336 asi)
1414 1327 1415 1332 ,

51 1371 94 1430 tes
117 1386 242 1451 quoque
265 1366 344 1433 talia
366 1369 497 1452 negotia
521 1367 765 1450 contrahuntur,
786 1365 889 1434 veluti
909 1387 965 1451 per
977 1359 1160 1451 epistulium
1172 1377 1252 1434 aute

50 1492 100 1556 per
129 1472 381 1550 internuntium
413 1493 486 1538 oum
509 1473 650 1558 alioquin
672 1473 844 1540 verborum
868 1472 1022 1559 obligatio
1046 1475 1129 1538 inter
1150 1476 1155 1560 Ι
1176 1475 1253 1540 abs

25 1575 151 1665 beantes
175 1576 243 1644 fieri
267 1599 329 1644 non
352 1581 462 1664 possit.
484 1581 490 1664 )
511 1577 573 1644 Sed
597 1580 719 1645 absenti
742 1600 915 1664 expensum
938 1579 1013 1644 ferri
1035 1583 1155 1663 potest;
1170 1581 1267 1646 etsirr

50 1684 214 1750 verborum
237 1684 418 1771 {obligatio
442 1707 516 1750 cum
541 1686 669 1756 absente
693 1687 836 1752 contrabi
858 1707 930 1752 non*
943 1685 1043 1770 possit
1056 1685 1090 1772 4).
1115 1685 1120 1769 Ι
1240 1707 1266 1750 ra
1297 1773 1340 1816 m

25 1825 40 1912 ')
94 1825 168 1893 Ideo
201 1833 309 1893 antem
339 1829 410 1894 istis
431 1831 436 1916 )
456 1829 560 1894 modis
587 1837 739 1896 consensu
763 1830 899 1897 dicimus
923 1829 1134 1916 obligationes
1157 1849 1228 1894 con·
1242 1789 1312 1961 (sl).1
1314 1852 1349 1960 sssp

1268 1935 1287 1976 p.

51 1971 157 2051 trahi,
181 1971 294 2058 qu0[d]
309 1973 334 2058 ⁵)
357 1974 362 2057 Ι
382 1975 416 2038 in
439 1974 490 2038 his
513 1975 726 2040 contractibus
750 1975 830 2040 alter
854 1974 947 2040 alteri
968 1973 1132 2061 obligatur
1156 1975 1194 2040 de
1214 1975 1220 2062 Ι
1239 1997 1253 2040 s

79 2173 107 2244 1)
125 2173 184 2244 (ut)
204 2172 236 2230 O.

76 2262 103 2333 2)
123 2258 176 2332 (et)
197 2261 226 2317 (i.

77 2353 105 2424 3)
124 2351 167 2406 Of.
188 2351 383 2408 adnotationes
404 2355 421 2406 4
441 2356 471 2408 et
491 2356 517 2408 5.

76 2441 102 2513 *)
121 2441 247 2512 »Pagina
266 2443 388 2498 exterior
406 2444 560 2501 maximam
580 2445 690 2512 partem
709 2441 842 2497 facillime
861 2442 994 2512 legiturJ'
1231 2503 1234 2507 ,

75 2533 104 2602 4)
123 2532 204 2586 Hanc
231 2534 291 2606 ξω,
316 2551 387 2602 quae
407 2533 436 2588 in
457 2533 557 2588 Codice
578 2532 669 2587 alieno
689 2533 750 2588 loco
769 2533 887 2604 legitur,
907 2532 964 2586 iam
984 2531 1032 2584 Βὸ.
1052 2531 1235 2600 transposuit.

43 2616 92 2674 Sed
109 2639 167 2676 non
188 2623 247 2674 tam
266 2624 352 2678 verba
372 2623 454 2677 huius
476 2623 500 2694 §l
520 2641 610 2678 errore
630 2626 742 2678 vetusto
763 2622 934 2692 transposita
945 2625 1025 2687 sunt,
1038 2637 1123 2690 quam
1134 2623 1158 2691 ξι
1170 2622 1237 2688 137,

43 2712 115 2764 cuius
134 2710 211 2781 prior
233 2729 299 2782 pars
319 2731 405 2783 usque
425 2713 460 2768 ad
482 2713 573 2782 »quod
594 2713 668 2788 (Ood.
689 2707 739 2784 (⁰4)''
759 2713 864 2784 legitur
882 2731 909 2782 p.
933 2713 1001 2777 163,
1028 2712 1118 2766 altera
1143 2714 1239 2766 autem

42 2817 100 2869 pars
122 2801 152 2854 in
175 2801 229 2855 liae
249 2819 312 2874 pag.
330 2806 392 2858 tam
412 2805 508 2872 aperte
527 2820 599 2873 quae
619 2803 759 2857 sententia
777 2801 838 2872 ipsa
858 2801 1008 2856 coniuncta
1028 2804 1094 2855 sunt
1116 2804 1238 2871 separat,

42 2893 72 2944 ut
97 2908 153 2946 non
183 2891 322 2961 potuerit,
345 2894 436 2965 'paulo
469 2894 652 2948 attentiorem
681 2893 815 2947 lectorem
844 2909 899 2946 non
928 2891 1076 2947 offendere.
1125 2891 1233 2946 Erroris

42 2983 210 3036 vetustatem
236 2994 332 3036 autem
355 2982 462 3038 indicat
487 2983 603 3038 verbum
631 2982 736 3036 ›item”
764 2999 820 3050 quo
838 2981 935 3036 addito
955 2981 1089 3037 antesin
1109 2981 1152 3036 his
1173 2999 1237 3038 con·

41 3071 192 3126 tractibus''
219 3073 313 3143 (versu
334 3074 371 3143 6),
392 3075 508 3128 conatus
528 3075 571 3127 est
590 3074 728 3148 corrector
747 3071 863 3142 quidam
882 3072 1045 3127 mutilatam
1068 3072 1238 3127 sententiam

40 3160 92 3215 levi
104 3161 244 3216 medicina
261 3162 423 3233 (geminatis
434 3163 542 3217 scilicet
551 3163 654 3216 litteris
666 3162 726 3217 »ir’
737 3163 815 3228 verbi
825 3163 949 3233 spossit''
960 3181 1054 3219 versus
1066 3164 1081 3216 5
1092 3162 1122 3217 in
1131 3164 1199 3235 fine)
1209 3163 1239 3217 iu

40 3248 177 3321 integrum
197 3252 353 3308 restituere.
383 3253 442 3318 Qua
461 3252 490 3307 iu
510 3269 539 3307 re
557 3270 658 3323 parum
678 3252 798 3308 feliciter
817 3253 935 3323 perfecit
953 3253 1028 3322 quod
1045 3253 1144 3308 voluit.
1163 3253 1238 3306 Nam

41 3356 110 3395 nunc
129 3341 242 3410 quidem
262 3342 292 3396 in
312 3341 412 3397 (lodice
429 3345 524 3396 nostro
536 3372 570 3381 -
583 3345 613 3397 et
629 3343 727 3397 eodem
741 3343 823 3398 modo
840 3344 870 3396 in
883 3344 987 3410 instit,
1003 3359 1075 3413 quae
1091 3359 1125 3396 ex
1141 3343 1239 3396 eodem

39 3427 112 3486 fonte
146 3431 302 3486 hauserunt
333 3463 366 3472 -
400 3431 544 3487 videntur.
563 3435 632 3488 douc
660 3436 774 3488 rationes
795 3435 917 3503 proferri
944 3436 1055 3487 comicis
1085 3450 1238 3500 consensum

39 3537 105 3587 quae
134 3524 230 3580 tamen
258 3522 349 3579 altera
377 3521 449 3580 ratic
477 3523 562 3577 verbo
590 3523 686 3577 »item”
712 3521 778 3576 addi
802 3537 859 3577 non
883 3524 1010 3592 poterat,
1031 3521 1079 3577 sed
1098 3521 1239 3592 particula

41 3612 218 3679 »praeterea
239 3612 284 3667 vel
305 3612 431 3682 sporro'.
1331 3607 1415 3715 f

74 3703 101 3772 5)
121 3701 167 3758 (br
189 3697 216 3774 b.
237 3689 422 3758 lastinianus:
443 3700 518 3771 quia.
533 3701 634 3757 —Sed
652 3701 710 3756 ianr
729 3701 888 3768 videamus,
908 3700 976 3770 quid
995 3702 1104 3756 dietum
1124 3699 1161 3755 sit
1180 3700 1237 3757 sive

41 3791 138 3859 »quia''
155 3792 217 3847 sive
239 3777 350 3861 »quod''
369 3790 520 3862 legendum
540 3791 584 3846 sit.
624 3790 661 3846 Et
680 3809 714 3846 ex
733 3792 824 3846 verbis
842 3791 926 3862 ipsis:
947 3791 1031 3846 »Ideo
1051 3796 1147 3846 autern
1167 3792 1239 3847 etc.”
1273 3731 1336 3862 s

42 3883 132 3948 patet,
152 3895 209 3936 non
229 3881 364 3952 explicari
382 3901 488 3947 comeo,
509 3879 557 3936 sed
576 3899 624 3935 our
643 3883 765 3952 obligatio
785 3885 953 3936 contrabatur
973 3880 1034 3936 istis
1054 3881 1144 3936 modis
1163 3881 1239 3936 nudo
1277 3887 1284 3924 ἴ

39 3983 177 4026 conserua.
216 3971 291 4038 Quae
324 3971 453 4042 quaestio
488 3970 598 4042 gravior
633 3975 688 4038 est;
726 3971 838 4026 videtur
868 3971 943 4026 enim
973 3970 1018 4026 his
1049 3972 1238 4027 contractibus
1274 3968 1277 4042 j

41 4057 130 4118 deesse
156 4079 256 4122 accusa
280 4061 370 4120 ciuilis
396 4061 567 4133 obligandi'.
604 4061 681 4128 Quae
704 4078 799 4118 rerem
818 4079 874 4118 non
894 4061 984 4130 deest,
1004 4079 1070 4121 num
1092 4065 1175 4122 »ulter
1195 4066 1235 4118 al·
1276 4057 1280 4082 ‘
