2964 4596
227 39 269 106 90
337 35 342 44 '
541 56 623 109 rosc.
648 42 674 109 I.
697 62 752 109 xv.
777 45 814 129 ἓξ
828 42 925 110 1-3.
949 43 1080 129 xu§1.

216 227 278 300 scd
297 227 385 299 alias
406 227 558 300 naturali
580 231 654 300 iure
669 232 824 327 cognati.
854 231 971 329 itaque
983 231 1111 302 amitae
1124 239 1204 300 tuae
1217 227 1312 300 fliius
1327 255 1398 300 non

217 339 355 412 esttibi
379 341 574 439 adgnatos,
595 342 658 414 sed
681 354 853 442 cognatus
884 348 930 440 (et
947 345 1102 414 invicem
1121 340 1257 413 scilicet
1281 354 1319 414 tu
1343 340 1396 412 illi

219 453 344 525 eodem
358 454 432 524 iure
448 457 699 554 coniungor-is),
713 457 794 554 quia
809 458 870 554 qui
883 467 1076 528 nascuntur
1088 456 1216 552 patris,
1229 480 1302 526 nou
1314 480 1395 526 ma·

216 569 280 638 tris
314 565 483 638 familiam
518 579 711 666 sequuntur
757 570 848 652 Quod
879 577 986 637 antem
1012 570 1065 635 lex
1095 569 1135 634 ab
1166 571 1317 635 intestato
1340 590 1431 635 vos

218 687 269 748 cat
299 682 339 746 ad
369 682 504 748 tutelam
534 683 703 770 adgnatos,
739 705 801 750 non
830 685 911 749 hanc
941 685 1037 750 habet
1061 679 1340 772 significationem,
1369 685 1398 746 si

217 789 342 853 omnino
373 807 435 853 non
463 789 573 854 fecerit
602 795 830 855 testamentum
857 793 905 875 is,
937 793 994 875 qni
1015 794 1139 875 poterat
1162 792 1282 852 tutores
1305 787 1393 866 dare,

212 894 267 959 sed
298 896 325 958 si
358 897 512 978 quantum
536 895 576 959 ad
600 895 737 961 tutelam
758 898 897 980 pertinet
918 899 1088 961 intestatus
1111 894 1288 959 decesserit.
1313 895 1398 980 qnod

217 1005 293 1064 tunc
316 1018 439 1085 quoquc
465 1000 604 1066 accidere
627 1000 847 1089 intellegitur,
874 1023 946 1067 cum
969 1004 1014 1078 is,
1040 1002 1095 1086 qui
1117 1000 1210 1065 datus
1233 1020 1266 1064 es
1289 1005 1396 1080 tutor,

214 1107 291 1170 vivo
315 1109 463 1170 testatore
486 1104 663 1171 decesserit.
710 1104 783 1177 Sed
810 1105 1036 1204 adgnationis
1062 1102 1205 1202 quidem
1231 1105 1286 1173 ius
1311 1127 1435 1178 (ιω-3

181 1250 184 1259 ·
216 1214 319 1285 nibus
356 1213 470 1285 modis
509 1218 637 1312 capitis
675 1217 916 1289 deminutione
953 1218 1159 1316 plerumque
1195 1216 1400 1312 perimitur,

216 1351 292 1394 nam
323 1330 473 1417 adgnatio
503 1331 583 1396 iuris
615 1337 662 1397 cst
692 1353 816 1398 nomen.
864 1332 1087 1428 cognationis
1122 1354 1203 1401 vero
1238 1323 1292 1399 ius
1325 1355 1400 1400 non

215 1438 378 1512 omuibus
425 1440 541 1512 modis
582 1453 836 1537 commutetur,
874 1444 956 1540 quia
996 1441 1110 1513 civilis
1151 1442 1241 1512 ratio
1278 1441 1401 1513 civilia

210 1552 353 1652 quidem
383 1553 460 1624 iura
487 1579 713 1653 corrumpere
730 1567 868 1654 potest,
888 1555 1061 1627 naturalia
1074 1581 1158 1627 vero
1173 1580 1245 1626 uon
1259 1554 1397 1652 utique.

758 1715 844 1782 XVI.

571 1865 622 1924 DE
644 1865 791 1924 OAPITIS
812 1863 1040 1924 nnwtronn.

259 2003 329 2074 Est
353 2016 468 2077 autem
494 2006 619 2102 capitis
645 2003 839 2076 deminutio
864 2005 992 2102 prioris
1018 2014 1127 2076 status
1153 1970 1396 2078 commutatio.
1473 1973 1474 2018 ³

212 2140 324 2213 eaque
358 2114 471 2188 tribus
505 2117 621 2190 modis
646 2118 796 2190 accidit:
822 2145 904 2189 uam
929 2130 989 2189 aut
1014 2119 1165 2188 maxima
1191 2127 1245 2187 est
1270 2119 1398 2215 capitis

213 2227 406 2300 deminutio
437 2244 497 2300 sut
527 2232 664 2325 minor,
689 2258 794 2330 quam
820 2231 964 2331 quidam
991 2229 1143 2302 mediam
1164 2239 1316 2323 vocant,
1335 2241 1399 2301 aut

210 2342 367 2416 minima.
417 2341 574 2413 Maxima
611 2354 665 2414 est
689 2346 813 2441 capitis
838 2343 1051 2436 deminutio,
1076 2369 1156 2414 cum
1181 2342 1322 2440 aliquis·
1336 2344 1431 2419 εἰη
1472 2383 1473 2386 “

211 2453 287 2525 mul
324 2466 360 2526 et
392 2456 569 2527 civitatem
601 2468 637 2528 et
667 2456 865 2530 libertatem
899 2459 1035 2530 amittit.
1073 2457 1169 2555 quod
1201 2454 1334 2527 accidit
1357 2457 1397 2526 in
1472 2491 1473 2496 ¹
