<?xml version="1.0" encoding="UTF-8"?>
<!DOCTYPE html PUBLIC "-//W3C//DTD XHTML 1.0 Transitional//EN"
    "http://www.w3.org/TR/xhtml1/DTD/xhtml1-transitional.dtd">
<html xmlns="http://www.w3.org/1999/xhtml" xml:lang="en" lang="en">
 <head>
  <title>
</title>
<meta http-equiv="Content-Type" content="text/html;charset=utf-8" />
  <meta name='ocr-system' content='tesseract 3.04.00' />
  <meta name='ocr-capabilities' content='ocr_page ocr_carea ocr_par ocr_line ocrx_word'/>
</head>
<body>
  <div class='ocr_page' id='page_1' title='image "./syntagmainstitu01studgoog_0156.png"; bbox 0 0 2964 4596; ppageno 0'>
   <div class='ocr_carea' id='block_1_1' title="bbox 520 21 1259 110">
    <p class='ocr_par' dir='ltr' id='par_1_1' title="bbox 520 21 1259 110">
     <span class='ocr_line' id='line_1_1' title="bbox 520 21 1259 110; baseline 0.001 -19"><span class='ocrx_word' id='word_1_1' title='bbox 520 41 576 91; x_wconf 80' lang='lat' dir='ltr'>cn</span> <span class='ocrx_word' id='word_1_2' title='bbox 586 21 628 90; x_wconf 89' lang='lat'>11.</span> <span class='ocrx_word' id='word_1_3' title='bbox 653 24 862 110; x_wconf 65' lang='lat' dir='ltr'>§sira-ao.</span> <span class='ocrx_word' id='word_1_4' title='bbox 1216 25 1259 92; x_wconf 83' lang='lat' dir='ltr'>rc</span> 
     </span>
    </p>
   </div>
   <div class='ocr_carea' id='block_1_2' title="bbox 2 216 1476 2837">
    <p class='ocr_par' dir='ltr' id='par_1_2' title="bbox 2 216 1476 2837">
     <span class='ocr_line' id='line_1_2' title="bbox 77 216 567 310; baseline -0.006 -28"><span class='ocrx_word' id='word_1_5' title='bbox 77 216 365 310; x_wconf 65' lang='lat' dir='ltr'>supelriores⁴cnec</span> <span class='ocrx_word' id='word_1_6' title='bbox 389 217 539 302; x_wconf 89' lang='lat' dir='ltr'>mancipi.</span> <span class='ocrx_word' id='word_1_7' title='bbox 561 217 567 302; x_wconf 80' lang='grc' dir='ltr'>Ι</span> 
     </span>
     <span class='ocr_line' id='line_1_3' title="bbox 5 317 1301 409; baseline -0.005 -20"><span class='ocrx_word' id='word_1_8' title='bbox 5 321 59 409; x_wconf 72' lang='lat' dir='ltr'>lle)</span> <span class='ocrx_word' id='word_1_9' title='bbox 116 321 260 406; x_wconf 86' lang='lat' dir='ltr'>Mancipi</span> <span class='ocrx_word' id='word_1_10' title='bbox 284 323 418 406; x_wconf 78' lang='lat' dir='ltr'>sunt†{</span> <span class='ocrx_word' id='word_1_11' title='bbox 449 321 535 387; x_wconf 83' lang='lat' dir='ltr'>Item</span> <span class='ocrx_word' id='word_1_12' title='bbox 559 320 651 386; x_wconf 90' lang='lat' dir='ltr'>aedes</span> <span class='ocrx_word' id='word_1_13' title='bbox 674 321 708 384; x_wconf 91' lang='lat' dir='ltr'>in</span> <span class='ocrx_word' id='word_1_14' title='bbox 730 317 843 384; x_wconf 86' lang='lat' dir='ltr'>Italico</span> <span class='ocrx_word' id='word_1_15' title='bbox 867 317 967 397; x_wconf 94' lang='lat' dir='ltr'>solo†</span> <span class='ocrx_word' id='word_1_16' title='bbox 1036 367 1044 385; x_wconf 91' lang='lat'>.</span> <span class='ocrx_word' id='word_1_17' title='bbox 1093 367 1101 385; x_wconf 88' lang='lat'>.</span> <span class='ocrx_word' id='word_1_18' title='bbox 1150 368 1157 384; x_wconf 93' lang='lat'>.</span> <span class='ocrx_word' id='word_1_19' title='bbox 1209 321 1245 406; x_wconf 74' lang='grc' dir='ltr'>,Ι</span> <span class='ocrx_word' id='word_1_20' title='bbox 1292 371 1301 401; x_wconf 83' lang='grc'><em>,</em></span> 
     </span>
     <span class='ocr_line' id='line_1_4' title="bbox 75 427 1342 512; baseline 0 -18"><span class='ocrx_word' id='word_1_21' title='bbox 75 434 99 505; x_wconf 91' lang='lat'>†</span> <span class='ocrx_word' id='word_1_22' title='bbox 112 469 1212 492; x_wconf 83' lang='lat'><strong>....................</strong></span> <span class='ocrx_word' id='word_1_23' title='bbox 1241 427 1289 512; x_wconf 73' lang='lat' dir='ltr'>(aa,</span> <span class='ocrx_word' id='word_1_24' title='bbox 1304 430 1342 512; x_wconf 79' lang='lat' dir='ltr'>a)</span> 
     </span>
     <span class='ocr_line' id='line_1_5' title="bbox 75 525 1298 619; baseline 0 -22"><span class='ocrx_word' id='word_1_25' title='bbox 75 533 277 619; x_wconf 80' lang='lat' dir='ltr'>praediorum</span> <span class='ocrx_word' id='word_1_26' title='bbox 300 531 496 597; x_wconf 89' lang='lat' dir='ltr'>urbanorum</span> <span class='ocrx_word' id='word_1_27' title='bbox 518 552 576 596; x_wconf 91' lang='lat' dir='ltr'>nec</span> <span class='ocrx_word' id='word_1_28' title='bbox 603 531 745 614; x_wconf 83' lang='lat' dir='ltr'>mancipi</span> <span class='ocrx_word' id='word_1_29' title='bbox 765 535 837 592; x_wconf 80' lang='lat' dir='ltr'>ruat</span> <span class='ocrx_word' id='word_1_30' title='bbox 862 525 930 614; x_wconf 74' lang='lat' dir='ltr'>(l)}</span> <span class='ocrx_word' id='word_1_31' title='bbox 1270 551 1298 597; x_wconf 83' lang='lat' dir='ltr'>ec</span> 
     </span>
     <span class='ocr_line' id='line_1_6' title="bbox 5 635 1343 724; baseline -0.001 -20"><span class='ocrx_word' id='word_1_32' title='bbox 5 636 43 719; x_wconf 79' lang='lat' dir='ltr'>u)</span> <span class='ocrx_word' id='word_1_33' title='bbox 118 637 202 703; x_wconf 90' lang='lat' dir='ltr'>Item</span> <span class='ocrx_word' id='word_1_34' title='bbox 241 636 447 722; x_wconf 87' lang='lat' dir='ltr'>stipendiaria</span> <span class='ocrx_word' id='word_1_35' title='bbox 482 635 612 723; x_wconf 89' lang='lat' dir='ltr'>praedia</span> <span class='ocrx_word' id='word_1_36' title='bbox 644 641 676 700; x_wconf 90' lang='lat' dir='ltr'>et</span> <span class='ocrx_word' id='word_1_37' title='bbox 707 635 878 700; x_wconf 88' lang='lat' dir='ltr'>tributaria</span> <span class='ocrx_word' id='word_1_38' title='bbox 904 655 961 700; x_wconf 90' lang='lat' dir='ltr'>nec</span> <span class='ocrx_word' id='word_1_39' title='bbox 981 637 1121 722; x_wconf 81' lang='lat' dir='ltr'><strong>mancipi</strong></span> <span class='ocrx_word' id='word_1_40' title='bbox 1143 636 1149 724; x_wconf 88' lang='grc'>)</span> <span class='ocrx_word' id='word_1_41' title='bbox 1170 641 1253 702; x_wconf 91' lang='lat' dir='ltr'>sunt.</span> <span class='ocrx_word' id='word_1_42' title='bbox 1267 658 1343 722; x_wconf 61' lang='lat' dir='ltr'>aare</span> 
     </span>
     <span class='ocr_line' id='line_1_7' title="bbox 76 741 1297 829; baseline 0 -21"><span class='ocrx_word' id='word_1_43' title='bbox 76 741 139 808; x_wconf 81' lang='lat' dir='ltr'>Sed</span> <span class='ocrx_word' id='word_1_44' title='bbox 163 742 247 828; x_wconf 92' lang='lat' dir='ltr'>quod</span> <span class='ocrx_word' id='word_1_45' title='bbox 270 741 665 829; x_wconf 74' lang='lat' dir='ltr'>diximus†{†mancipi</span> <span class='ocrx_word' id='word_1_46' title='bbox 688 745 869 816; x_wconf 89' lang='lat' dir='ltr'>essen†.</span> <span class='ocrx_word' id='word_1_47' title='bbox 919 788 927 805; x_wconf 95' lang='lat'>.</span> <span class='ocrx_word' id='word_1_48' title='bbox 1089 787 1097 806; x_wconf 92' lang='lat'>.</span> <span class='ocrx_word' id='word_1_49' title='bbox 1146 788 1155 807; x_wconf 90' lang='lat'>.</span> <span class='ocrx_word' id='word_1_50' title='bbox 1203 744 1297 827; x_wconf 78' lang='lat' dir='ltr'>.lsa</span> 
     </span>
     <span class='ocr_line' id='line_1_8' title="bbox 75 847 1329 936; baseline 0 -8"><span class='ocrx_word' id='word_1_51' title='bbox 75 854 99 925; x_wconf 89' lang='lat'>†</span> <span class='ocrx_word' id='word_1_52' title='bbox 117 891 1217 920; x_wconf 45' lang='lat'><strong>·····················</strong></span> <span class='ocrx_word' id='word_1_53' title='bbox 1232 848 1251 933; x_wconf 87' lang='grc' dir='ltr'>ΙΙ</span> <span class='ocrx_word' id='word_1_54' title='bbox 1277 847 1329 936; x_wconf 74' lang='lat' dir='ltr'>(a)</span> 
     </span>
     <span class='ocr_line' id='line_1_9' title="bbox 74 945 1389 1039; baseline -0.001 -20"><span class='ocrx_word' id='word_1_55' title='bbox 74 957 186 1019; x_wconf 89' lang='lat' dir='ltr'>statim</span> <span class='ocrx_word' id='word_1_56' title='bbox 216 961 254 1019; x_wconf 87' lang='lat' dir='ltr'>ut</span> <span class='ocrx_word' id='word_1_57' title='bbox 281 959 356 1018; x_wconf 90' lang='lat' dir='ltr'>nata</span> <span class='ocrx_word' id='word_1_58' title='bbox 384 958 478 1027; x_wconf 90' lang='lat' dir='ltr'>sunt,</span> <span class='ocrx_word' id='word_1_59' title='bbox 510 953 651 1036; x_wconf 83' lang='lat' dir='ltr'>mancipi</span> <span class='ocrx_word' id='word_1_60' title='bbox 686 972 754 1016; x_wconf 90' lang='lat' dir='ltr'>esse</span> <span class='ocrx_word' id='word_1_61' title='bbox 779 947 945 1036; x_wconf 86' lang='lat' dir='ltr'>putant¹);</span> <span class='ocrx_word' id='word_1_62' title='bbox 969 951 1077 1018; x_wconf 81' lang='lat' dir='ltr'>Nerva</span> <span class='ocrx_word' id='word_1_63' title='bbox 1099 973 1174 1018; x_wconf 85' lang='lat' dir='ltr'>vero</span> <span class='ocrx_word' id='word_1_64' title='bbox 1197 951 1255 1039; x_wconf 70' lang='lat' dir='ltr'>etl</span> <span class='ocrx_word' id='word_1_65' title='bbox 1322 945 1389 1018; x_wconf 80' lang='lat'>58&#39;</span> 
     </span>
     <span class='ocr_line' id='line_1_10' title="bbox 75 1044 1476 1146; baseline 0 -22"><span class='ocrx_word' id='word_1_66' title='bbox 75 1059 231 1125; x_wconf 87' lang='lat' dir='ltr'>Proculus</span> <span class='ocrx_word' id='word_1_67' title='bbox 266 1063 298 1124; x_wconf 93' lang='lat' dir='ltr'>et</span> <span class='ocrx_word' id='word_1_68' title='bbox 333 1061 448 1124; x_wconf 89' lang='lat' dir='ltr'>caeteri</span> <span class='ocrx_word' id='word_1_69' title='bbox 481 1059 623 1123; x_wconf 84' lang='lat' dir='ltr'>diversae</span> <span class='ocrx_word' id='word_1_70' title='bbox 655 1055 788 1122; x_wconf 78' lang='lat' dir='ltr'>Scholae</span> <span class='ocrx_word' id='word_1_71' title='bbox 825 1061 969 1121; x_wconf 81' lang='lat' dir='ltr'>auctores</span> <span class='ocrx_word' id='word_1_72' title='bbox 998 1076 1061 1122; x_wconf 91' lang='lat' dir='ltr'>non</span> <span class='ocrx_word' id='word_1_73' title='bbox 1092 1050 1197 1146; x_wconf 74' lang='lat' dir='ltr'>alilter</span> <span class='ocrx_word' id='word_1_74' title='bbox 1226 1079 1313 1144; x_wconf 73' lang='lat' dir='ltr'>saep</span> <span class='ocrx_word' id='word_1_75' title='bbox 1327 1044 1401 1123; x_wconf 56' lang='lat' dir='ltr'>till)</span> <span class='ocrx_word' id='word_1_76' title='bbox 1466 1071 1476 1090; x_wconf 66' lang='lat'>⁸</span> 
     </span>
     <span class='ocr_line' id='line_1_11' title="bbox 77 1161 1299 1250; baseline 0 -21"><span class='ocrx_word' id='word_1_77' title='bbox 77 1167 219 1250; x_wconf 85' lang='lat' dir='ltr'>mancipi</span> <span class='ocrx_word' id='word_1_78' title='bbox 249 1185 316 1230; x_wconf 89' lang='lat' dir='ltr'>esse</span> <span class='ocrx_word' id='word_1_79' title='bbox 338 1169 468 1249; x_wconf 88' lang='lat' dir='ltr'>putant,</span> <span class='ocrx_word' id='word_1_80' title='bbox 493 1183 590 1248; x_wconf 92' lang='lat' dir='ltr'>quam</span> <span class='ocrx_word' id='word_1_81' title='bbox 615 1164 643 1226; x_wconf 91' lang='lat' dir='ltr'>si</span> <span class='ocrx_word' id='word_1_82' title='bbox 669 1161 791 1227; x_wconf 91' lang='lat' dir='ltr'>domita</span> <span class='ocrx_word' id='word_1_83' title='bbox 815 1166 906 1240; x_wconf 87' lang='lat' dir='ltr'>sunt;</span> <span class='ocrx_word' id='word_1_84' title='bbox 932 1164 1015 1227; x_wconf 90' lang='lat' dir='ltr'>etsi</span> <span class='ocrx_word' id='word_1_85' title='bbox 1038 1168 1166 1248; x_wconf 87' lang='lat' dir='ltr'>propter</span> <span class='ocrx_word' id='word_1_86' title='bbox 1186 1163 1191 1248; x_wconf 83' lang='grc' dir='ltr'>Ι</span> <span class='ocrx_word' id='word_1_87' title='bbox 1211 1165 1299 1230; x_wconf 78' lang='lat' dir='ltr'>ni·s</span> 
     </span>
     <span class='ocr_line' id='line_1_12' title="bbox 77 1267 1299 1361; baseline 0.001 -26"><span class='ocrx_word' id='word_1_88' title='bbox 77 1273 180 1335; x_wconf 87' lang='lat' dir='ltr'>miam</span> <span class='ocrx_word' id='word_1_89' title='bbox 204 1269 364 1334; x_wconf 84' lang='lat' dir='ltr'>feritatem</span> <span class='ocrx_word' id='word_1_90' title='bbox 389 1268 511 1334; x_wconf 90' lang='lat' dir='ltr'>domari</span> <span class='ocrx_word' id='word_1_91' title='bbox 534 1288 597 1332; x_wconf 91' lang='lat' dir='ltr'>non</span> <span class='ocrx_word' id='word_1_92' title='bbox 619 1272 768 1352; x_wconf 88' lang='lat' dir='ltr'>possunt,</span> <span class='ocrx_word' id='word_1_93' title='bbox 795 1272 870 1331; x_wconf 90' lang='lat' dir='ltr'>tunc</span> <span class='ocrx_word' id='word_1_94' title='bbox 896 1267 1009 1361; x_wconf 62' lang='lat' dir='ltr'>vilderi</span> <span class='ocrx_word' id='word_1_95' title='bbox 1032 1271 1174 1354; x_wconf 81' lang='lat' dir='ltr'>mancipi</span> <span class='ocrx_word' id='word_1_96' title='bbox 1197 1290 1263 1336; x_wconf 90' lang='lat' dir='ltr'>esse</span> <span class='ocrx_word' id='word_1_97' title='bbox 1286 1294 1299 1336; x_wconf 80' lang='lat' dir='ltr'>a</span> 
     </span>
     <span class='ocr_line' id='line_1_13' title="bbox 78 1372 1299 1471; baseline 0.001 -31"><span class='ocrx_word' id='word_1_98' title='bbox 78 1378 236 1460; x_wconf 83' lang='lat' dir='ltr'>incipere,</span> <span class='ocrx_word' id='word_1_99' title='bbox 261 1396 336 1439; x_wconf 91' lang='lat' dir='ltr'>cum</span> <span class='ocrx_word' id='word_1_100' title='bbox 360 1373 400 1438; x_wconf 91' lang='lat' dir='ltr'>ad</span> <span class='ocrx_word' id='word_1_101' title='bbox 423 1394 494 1438; x_wconf 91' lang='lat' dir='ltr'>eam</span> <span class='ocrx_word' id='word_1_102' title='bbox 515 1377 654 1437; x_wconf 84' lang='lat' dir='ltr'>aetatem</span> <span class='ocrx_word' id='word_1_103' title='bbox 673 1374 903 1471; x_wconf 64' lang='lat' dir='ltr'>pervepneunt,</span> <span class='ocrx_word' id='word_1_104' title='bbox 924 1393 987 1456; x_wconf 92' lang='lat' dir='ltr'>qua</span> <span class='ocrx_word' id='word_1_105' title='bbox 1006 1372 1130 1439; x_wconf 85' lang='lat' dir='ltr'>domari</span> <span class='ocrx_word' id='word_1_106' title='bbox 1149 1373 1261 1441; x_wconf 90' lang='lat' dir='ltr'>solent.</span> <span class='ocrx_word' id='word_1_107' title='bbox 1285 1396 1299 1441; x_wconf 88' lang='lat' dir='ltr'>e</span> 
     </span>
     <span class='ocr_line' id='line_1_14' title="bbox 4 1475 1298 1568; baseline -0.002 -21"><span class='ocrx_word' id='word_1_108' title='bbox 4 1479 42 1568; x_wconf 87' lang='grc'>,6)</span> <span class='ocrx_word' id='word_1_109' title='bbox 78 1484 121 1545; x_wconf 86' lang='lat' dir='ltr'>At</span> <span class='ocrx_word' id='word_1_110' title='bbox 135 1483 160 1563; x_wconf 86' lang='lat'>²)</span> <span class='ocrx_word' id='word_1_111' title='bbox 178 1480 263 1545; x_wconf 85' lang='lat' dir='ltr'>ferae</span> <span class='ocrx_word' id='word_1_112' title='bbox 279 1480 399 1545; x_wconf 87' lang='lat' dir='ltr'>bestiae</span> <span class='ocrx_word' id='word_1_113' title='bbox 419 1498 477 1544; x_wconf 90' lang='lat' dir='ltr'>nec</span> <span class='ocrx_word' id='word_1_114' title='bbox 497 1479 502 1564; x_wconf 89' lang='grc'>)</span> <span class='ocrx_word' id='word_1_115' title='bbox 523 1479 665 1562; x_wconf 79' lang='lat' dir='ltr'>mancipi</span> <span class='ocrx_word' id='word_1_116' title='bbox 685 1483 778 1560; x_wconf 91' lang='lat' dir='ltr'>sunt,</span> <span class='ocrx_word' id='word_1_117' title='bbox 798 1475 901 1542; x_wconf 81' lang='lat' dir='ltr'>veluti</span> <span class='ocrx_word' id='word_1_118' title='bbox 921 1479 1005 1562; x_wconf 90' lang='lat' dir='ltr'>ursi,</span> <span class='ocrx_word' id='word_1_119' title='bbox 1025 1477 1141 1544; x_wconf 89' lang='lat' dir='ltr'>leones.</span> <span class='ocrx_word' id='word_1_120' title='bbox 1178 1478 1262 1545; x_wconf 82' lang='lat' dir='ltr'>Item</span> <span class='ocrx_word' id='word_1_121' title='bbox 1285 1501 1298 1544; x_wconf 80' lang='lat' dir='ltr'>r</span> 
     </span>
     <span class='ocr_line' id='line_1_15' title="bbox 77 1582 1299 1679; baseline -0.001 -28"><span class='ocrx_word' id='word_1_122' title='bbox 77 1607 116 1652; x_wconf 88' lang='lat' dir='ltr'>ea</span> <span class='ocrx_word' id='word_1_123' title='bbox 146 1585 328 1679; x_wconf 65' lang='lat' dir='ltr'>animalipa,</span> <span class='ocrx_word' id='word_1_124' title='bbox 359 1605 441 1669; x_wconf 91' lang='lat' dir='ltr'>quae</span> <span class='ocrx_word' id='word_1_125' title='bbox 473 1583 618 1667; x_wconf 81' lang='lat' dir='ltr'>ferc⁸)†</span> <span class='ocrx_word' id='word_1_126' title='bbox 652 1582 829 1647; x_wconf 89' lang='lat' dir='ltr'>bestiarum</span> <span class='ocrx_word' id='word_1_127' title='bbox 863 1603 996 1648; x_wconf 90' lang='lat' dir='ltr'>numero</span> <span class='ocrx_word' id='word_1_128' title='bbox 1031 1590 1121 1662; x_wconf 90' lang='lat' dir='ltr'>sunt,</span> <span class='ocrx_word' id='word_1_129' title='bbox 1158 1584 1299 1651; x_wconf 87' lang='lat' dir='ltr'>velutia</span> 
     </span>
     <span class='ocr_line' id='line_1_16' title="bbox 79 1688 1301 1776; baseline -0.002 -18"><span class='ocrx_word' id='word_1_130' title='bbox 79 1691 210 1758; x_wconf 83' lang='lat' dir='ltr'>elefanti</span> <span class='ocrx_word' id='word_1_131' title='bbox 230 1693 236 1776; x_wconf 87' lang='grc' dir='ltr'>Ι</span> <span class='ocrx_word' id='word_1_132' title='bbox 257 1695 289 1756; x_wconf 90' lang='lat' dir='ltr'>et</span> <span class='ocrx_word' id='word_1_133' title='bbox 319 1689 436 1755; x_wconf 91' lang='lat' dir='ltr'>cameli</span> <span class='ocrx_word' id='word_1_134' title='bbox 443 1709 451 1766; x_wconf 93' lang='lat'>;</span> <span class='ocrx_word' id='word_1_135' title='bbox 485 1693 518 1753; x_wconf 92' lang='lat' dir='ltr'>et</span> <span class='ocrx_word' id='word_1_136' title='bbox 548 1688 619 1753; x_wconf 91' lang='lat' dir='ltr'>ideo</span> <span class='ocrx_word' id='word_1_137' title='bbox 651 1688 787 1752; x_wconf 90' lang='lat' dir='ltr'>adrem</span> <span class='ocrx_word' id='word_1_138' title='bbox 810 1707 873 1752; x_wconf 90' lang='lat' dir='ltr'>non</span> <span class='ocrx_word' id='word_1_139' title='bbox 897 1689 1053 1772; x_wconf 80' lang='lat' dir='ltr'>pertinet,</span> <span class='ocrx_word' id='word_1_140' title='bbox 1079 1691 1164 1774; x_wconf 92' lang='lat' dir='ltr'>quod</span> <span class='ocrx_word' id='word_1_141' title='bbox 1186 1689 1301 1756; x_wconf 83' lang='lat' dir='ltr'>haece</span> 
     </span>
     <span class='ocr_line' id='line_1_17' title="bbox 81 1789 1311 1887; baseline -0.001 -25"><span class='ocrx_word' id='word_1_142' title='bbox 81 1789 247 1886; x_wconf 69' lang='lat' dir='ltr'>animalila</span> <span class='ocrx_word' id='word_1_143' title='bbox 266 1798 365 1860; x_wconf 90' lang='lat' dir='ltr'>etiam</span> <span class='ocrx_word' id='word_1_144' title='bbox 384 1793 465 1860; x_wconf 92' lang='lat' dir='ltr'>collo</span> <span class='ocrx_word' id='word_1_145' title='bbox 486 1795 617 1859; x_wconf 86' lang='lat' dir='ltr'>dorsove</span> <span class='ocrx_word' id='word_1_146' title='bbox 638 1793 761 1858; x_wconf 91' lang='lat' dir='ltr'>domari</span> <span class='ocrx_word' id='word_1_147' title='bbox 780 1795 894 1871; x_wconf 82' lang='lat' dir='ltr'>solent,</span> <span class='ocrx_word' id='word_1_148' title='bbox 916 1799 987 1879; x_wconf 80' lang='lat' dir='ltr'>quic</span> <span class='ocrx_word' id='word_1_149' title='bbox 1011 1793 1075 1881; x_wconf 90' lang='lat' dir='ltr'>[ne]</span> <span class='ocrx_word' id='word_1_150' title='bbox 1092 1797 1209 1860; x_wconf 81' lang='lat' dir='ltr'>mentio</span> <span class='ocrx_word' id='word_1_151' title='bbox 1222 1795 1261 1887; x_wconf 55' lang='grc' dir='ltr'>Α))</span> <span class='ocrx_word' id='word_1_152' title='bbox 1275 1801 1311 1862; x_wconf 82' lang='lat' dir='ltr'>ro&#39;</span> 
     </span>
     <span class='ocr_line' id='line_1_18' title="bbox 79 1885 1346 1988; baseline 0 -21"><span class='ocrx_word' id='word_1_153' title='bbox 79 1902 211 1988; x_wconf 91' lang='lat' dir='ltr'>quidem</span> <span class='ocrx_word' id='word_1_154' title='bbox 242 1921 353 1966; x_wconf 89' lang='lat' dir='ltr'>eorum</span> <span class='ocrx_word' id='word_1_155' title='bbox 383 1899 574 1967; x_wconf 89' lang='lat' dir='ltr'>animalium</span> <span class='ocrx_word' id='word_1_156' title='bbox 597 1899 655 1964; x_wconf 91' lang='lat' dir='ltr'>illo</span> <span class='ocrx_word' id='word_1_157' title='bbox 678 1905 821 1984; x_wconf 89' lang='lat' dir='ltr'>tempore</span> <span class='ocrx_word' id='word_1_158' title='bbox 844 1899 924 1977; x_wconf 87' lang='lat' dir='ltr'>fuit,</span> <span class='ocrx_word' id='word_1_159' title='bbox 950 1919 1012 1984; x_wconf 92' lang='lat' dir='ltr'>quo</span> <span class='ocrx_word' id='word_1_160' title='bbox 1036 1885 1306 1980; x_wconf 81' lang='lat' dir='ltr'>conlatituebe·u,</span> <span class='ocrx_word' id='word_1_161' title='bbox 1320 1921 1346 1967; x_wconf 81' lang='lat' dir='ltr'>ra</span> 
     </span>
     <span class='ocr_line' id='line_1_19' title="bbox 7 2005 1302 2096; baseline -0.002 -20"><span class='ocrx_word' id='word_1_162' title='bbox 7 2006 43 2096; x_wconf 79' lang='grc'>7)</span> <span class='ocrx_word' id='word_1_163' title='bbox 79 2014 151 2085; x_wconf 86' lang='lat' dir='ltr'>tur,</span> <span class='ocrx_word' id='word_1_164' title='bbox 183 2007 336 2092; x_wconf 91' lang='lat' dir='ltr'>quasdam</span> <span class='ocrx_word' id='word_1_165' title='bbox 359 2027 408 2071; x_wconf 91' lang='lat' dir='ltr'>res</span> <span class='ocrx_word' id='word_1_166' title='bbox 433 2007 575 2090; x_wconf 86' lang='lat' dir='ltr'>mancipi</span> <span class='ocrx_word' id='word_1_167' title='bbox 599 2025 683 2082; x_wconf 87' lang='lat' dir='ltr'>esse,</span> <span class='ocrx_word' id='word_1_168' title='bbox 710 2005 863 2090; x_wconf 91' lang='lat' dir='ltr'>quasdam</span> <span class='ocrx_word' id='word_1_169' title='bbox 884 2006 889 2089; x_wconf 89' lang='grc' dir='ltr'>Ι</span> <span class='ocrx_word' id='word_1_170' title='bbox 909 2025 967 2070; x_wconf 91' lang='lat' dir='ltr'>nec</span> <span class='ocrx_word' id='word_1_171' title='bbox 989 2008 1142 2091; x_wconf 89' lang='lat' dir='ltr'>mancipi.</span> <span class='ocrx_word' id='word_1_172' title='bbox 1179 2006 1264 2073; x_wconf 86' lang='lat' dir='ltr'>Item</span> <span class='ocrx_word' id='word_1_173' title='bbox 1276 2028 1302 2074; x_wconf 82' lang='lat' dir='ltr'>ra</span> 
     </span>
     <span class='ocr_line' id='line_1_20' title="bbox 82 2093 1306 2198; baseline -0.001 -19"><span class='ocrx_word' id='word_1_174' title='bbox 82 2115 150 2180; x_wconf 82' lang='lat' dir='ltr'>fere</span> <span class='ocrx_word' id='word_1_175' title='bbox 173 2114 281 2178; x_wconf 88' lang='lat' dir='ltr'>omnia</span> <span class='ocrx_word' id='word_1_176' title='bbox 288 2159 297 2190; x_wconf 89' lang='lat'><em>,</em></span> <span class='ocrx_word' id='word_1_177' title='bbox 320 2132 400 2196; x_wconf 90' lang='lat' dir='ltr'>quae</span> <span class='ocrx_word' id='word_1_178' title='bbox 421 2093 643 2196; x_wconf 80' lang='lat' dir='ltr'>incorpolralia</span> <span class='ocrx_word' id='word_1_179' title='bbox 662 2115 754 2188; x_wconf 88' lang='lat' dir='ltr'>sunt,</span> <span class='ocrx_word' id='word_1_180' title='bbox 775 2131 833 2175; x_wconf 91' lang='lat' dir='ltr'>neo</span> <span class='ocrx_word' id='word_1_181' title='bbox 852 2111 993 2196; x_wconf 87' lang='lat' dir='ltr'>mancipi</span> <span class='ocrx_word' id='word_1_182' title='bbox 1012 2115 1104 2194; x_wconf 89' lang='lat' dir='ltr'>sunt,</span> <span class='ocrx_word' id='word_1_183' title='bbox 1118 2115 1258 2198; x_wconf 80' lang='lat' dir='ltr'>exceptis</span> <span class='ocrx_word' id='word_1_184' title='bbox 1280 2135 1306 2179; x_wconf 78' lang='lat' dir='ltr'>a</span> 
     </span>
     <span class='ocr_line' id='line_1_21' title="bbox 84 2217 1304 2304; baseline -0.001 -18"><span class='ocrx_word' id='word_1_185' title='bbox 84 2219 295 2286; x_wconf 80' lang='lat' dir='ltr'>servitutibus</span> <span class='ocrx_word' id='word_1_186' title='bbox 314 2217 319 2304; x_wconf 91' lang='grc' dir='ltr'>Ι</span> <span class='ocrx_word' id='word_1_187' title='bbox 340 2217 542 2304; x_wconf 88' lang='lat' dir='ltr'>praediorum</span> <span class='ocrx_word' id='word_1_188' title='bbox 577 2217 787 2294; x_wconf 65' lang='lat' dir='ltr'>rusticorum</span> <span class='ocrx_word' id='word_1_189' title='bbox 823 2235 899 2280; x_wconf 89' lang='lat' dir='ltr'>nam</span> <span class='ocrx_word' id='word_1_190' title='bbox 934 2236 986 2281; x_wconf 90' lang='lat' dir='ltr'>eas</span> <span class='ocrx_word' id='word_1_191' title='bbox 1015 2219 1156 2303; x_wconf 85' lang='lat' dir='ltr'>mancipi</span> <span class='ocrx_word' id='word_1_192' title='bbox 1189 2239 1255 2284; x_wconf 90' lang='lat' dir='ltr'>esse</span> <span class='ocrx_word' id='word_1_193' title='bbox 1278 2240 1304 2285; x_wconf 78' lang='lat' dir='ltr'>rs</span> 
     </span>
     <span class='ocr_line' id='line_1_22' title="bbox 85 2318 1352 2409; baseline -0.001 -18"><span class='ocrx_word' id='word_1_194' title='bbox 85 2318 234 2409; x_wconf 73' lang='lat' dir='ltr'>conletat,</span> <span class='ocrx_word' id='word_1_195' title='bbox 260 2325 408 2408; x_wconf 82' lang='lat' dir='ltr'>quamvis</span> <span class='ocrx_word' id='word_1_196' title='bbox 431 2324 495 2388; x_wconf 88' lang='lat' dir='ltr'>sint</span> <span class='ocrx_word' id='word_1_197' title='bbox 518 2344 557 2387; x_wconf 85' lang='lat' dir='ltr'>ex</span> <span class='ocrx_word' id='word_1_198' title='bbox 580 2342 713 2387; x_wconf 91' lang='lat' dir='ltr'>numero</span> <span class='ocrx_word' id='word_1_199' title='bbox 736 2343 845 2386; x_wconf 89' lang='lat' dir='ltr'>rerum</span> <span class='ocrx_word' id='word_1_200' title='bbox 868 2319 1138 2406; x_wconf 88' lang='lat' dir='ltr'>incorpolralium.</span> <span class='ocrx_word' id='word_1_201' title='bbox 1275 2345 1312 2409; x_wconf 74' lang='lat' dir='ltr'>se,</span> <span class='ocrx_word' id='word_1_202' title='bbox 1325 2343 1352 2391; x_wconf 81' lang='lat' dir='ltr'>rr</span> 
     </span>
     <span class='ocr_line' id='line_1_23' title="bbox 2 2425 1306 2522; baseline -0.003 -23"><span class='ocrx_word' id='word_1_203' title='bbox 2 2430 49 2518; x_wconf 83' lang='grc'>,8)</span> <span class='ocrx_word' id='word_1_204' title='bbox 132 2429 254 2518; x_wconf 76' lang='lat' dir='ltr'>Magna</span> <span class='ocrx_word' id='word_1_205' title='bbox 279 2435 385 2495; x_wconf 90' lang='lat' dir='ltr'>autem</span> <span class='ocrx_word' id='word_1_206' title='bbox 418 2425 607 2522; x_wconf 64' lang='lat' dir='ltr'>differenltia</span> <span class='ocrx_word' id='word_1_207' title='bbox 635 2433 698 2506; x_wconf 89' lang='lat' dir='ltr'>est,</span> <span class='ocrx_word' id='word_1_208' title='bbox 732 2427 833 2514; x_wconf 82' lang='lat' dir='ltr'>[quac]</span> <span class='ocrx_word' id='word_1_209' title='bbox 860 2428 944 2492; x_wconf 90' lang='lat' dir='ltr'>inter</span> <span class='ocrx_word' id='word_1_210' title='bbox 966 2430 1108 2513; x_wconf 89' lang='lat' dir='ltr'>mancipi</span> <span class='ocrx_word' id='word_1_211' title='bbox 1131 2449 1181 2493; x_wconf 88' lang='lat' dir='ltr'>res</span> <span class='ocrx_word' id='word_1_212' title='bbox 1203 2430 1306 2495; x_wconf 83' lang='lat' dir='ltr'>exi-re</span> 
     </span>
     <span class='ocr_line' id='line_1_24' title="bbox 2 2533 1306 2624; baseline -0.004 -19"><span class='ocrx_word' id='word_1_213' title='bbox 2 2537 49 2624; x_wconf 84' lang='grc'>,9)</span> <span class='ocrx_word' id='word_1_214' title='bbox 85 2538 182 2619; x_wconf 77' lang='lat' dir='ltr'>stit5)</span> <span class='ocrx_word' id='word_1_215' title='bbox 213 2540 246 2600; x_wconf 90' lang='lat' dir='ltr'>et</span> <span class='ocrx_word' id='word_1_216' title='bbox 270 2556 328 2601; x_wconf 91' lang='lat' dir='ltr'>nec</span> <span class='ocrx_word' id='word_1_217' title='bbox 350 2536 501 2620; x_wconf 89' lang='lat' dir='ltr'>mancipi.</span> <span class='ocrx_word' id='word_1_218' title='bbox 548 2533 634 2598; x_wconf 91' lang='lat' dir='ltr'>Nam</span> <span class='ocrx_word' id='word_1_219' title='bbox 663 2553 714 2597; x_wconf 89' lang='lat' dir='ltr'>res</span> <span class='ocrx_word' id='word_1_220' title='bbox 742 2553 800 2597; x_wconf 90' lang='lat' dir='ltr'>nec</span> <span class='ocrx_word' id='word_1_221' title='bbox 830 2533 972 2616; x_wconf 90' lang='lat' dir='ltr'>mancipi</span> <span class='ocrx_word' id='word_1_222' title='bbox 1001 2535 1071 2617; x_wconf 89' lang='lat' dir='ltr'>ipsa</span> <span class='ocrx_word' id='word_1_223' title='bbox 1101 2534 1306 2600; x_wconf 72' lang='lat' dir='ltr'>traditionem</span> 
     </span>
     <span class='ocr_line' id='line_1_25' title="bbox 84 2625 1306 2734; baseline -0.002 -28"><span class='ocrx_word' id='word_1_224' title='bbox 84 2641 180 2729; x_wconf 90' lang='lat' dir='ltr'>pleno</span> <span class='ocrx_word' id='word_1_225' title='bbox 200 2643 269 2707; x_wconf 90' lang='lat' dir='ltr'>iure</span> <span class='ocrx_word' id='word_1_226' title='bbox 293 2625 425 2707; x_wconf 88' lang='lat' dir='ltr'>alterius</span> <span class='ocrx_word' id='word_1_227' title='bbox 448 2637 558 2734; x_wconf 68' lang='lat' dir='ltr'>filunt,</span> <span class='ocrx_word' id='word_1_228' title='bbox 583 2639 612 2702; x_wconf 92' lang='lat' dir='ltr'>si</span> <span class='ocrx_word' id='word_1_229' title='bbox 635 2636 731 2702; x_wconf 91' lang='lat' dir='ltr'>modo</span> <span class='ocrx_word' id='word_1_230' title='bbox 755 2634 932 2722; x_wconf 80' lang='lat' dir='ltr'>corporales</span> <span class='ocrx_word' id='word_1_231' title='bbox 954 2643 1030 2702; x_wconf 90' lang='lat' dir='ltr'>sunt</span> <span class='ocrx_word' id='word_1_232' title='bbox 1053 2642 1085 2702; x_wconf 90' lang='lat' dir='ltr'>et</span> <span class='ocrx_word' id='word_1_233' title='bbox 1108 2638 1148 2703; x_wconf 94' lang='lat' dir='ltr'>ob</span> <span class='ocrx_word' id='word_1_234' title='bbox 1167 2640 1202 2704; x_wconf 88' lang='lat' dir='ltr'>id</span> <span class='ocrx_word' id='word_1_235' title='bbox 1222 2659 1306 2704; x_wconf 79' lang='lat' dir='ltr'>reso</span> 
     </span>
     <span class='ocr_line' id='line_1_26' title="bbox 2 2739 1307 2837; baseline -0.002 -22"><span class='ocrx_word' id='word_1_236' title='bbox 2 2747 47 2837; x_wconf 60' lang='lat'>³0)</span> <span class='ocrx_word' id='word_1_237' title='bbox 87 2750 212 2835; x_wconf 88' lang='lat' dir='ltr'>cipiunt</span> <span class='ocrx_word' id='word_1_238' title='bbox 234 2739 460 2830; x_wconf 75' lang='lat' dir='ltr'>tralditionem.</span> <span class='ocrx_word' id='word_1_239' title='bbox 507 2743 619 2829; x_wconf 83' lang='lat' dir='ltr'>ltaque</span> <span class='ocrx_word' id='word_1_240' title='bbox 642 2745 671 2808; x_wconf 92' lang='lat' dir='ltr'>si</span> <span class='ocrx_word' id='word_1_241' title='bbox 694 2743 756 2808; x_wconf 90' lang='lat' dir='ltr'>tibi</span> <span class='ocrx_word' id='word_1_242' title='bbox 779 2749 904 2810; x_wconf 82' lang='lat' dir='ltr'>restem</span> <span class='ocrx_word' id='word_1_243' title='bbox 926 2741 980 2808; x_wconf 86' lang='lat' dir='ltr'>vel</span> <span class='ocrx_word' id='word_1_244' title='bbox 1003 2763 1118 2808; x_wconf 90' lang='lat' dir='ltr'>aurum</span> <span class='ocrx_word' id='word_1_245' title='bbox 1143 2743 1198 2810; x_wconf 84' lang='lat' dir='ltr'>vel</span> <span class='ocrx_word' id='word_1_246' title='bbox 1216 2739 1268 2823; x_wconf 78' lang='lat' dir='ltr'>erl</span> <span class='ocrx_word' id='word_1_247' title='bbox 1281 2767 1307 2812; x_wconf 83' lang='lat' dir='ltr'>ar</span> 
     </span>
    </p>
   </div>
   <div class='ocr_carea' id='block_1_3' title="bbox 78 3006 1284 3856">
    <p class='ocr_par' dir='ltr' id='par_1_3' title="bbox 119 3006 685 3082">
     <span class='ocr_line' id='line_1_27' title="bbox 119 3006 685 3082; baseline -0.007 -17"><span class='ocrx_word' id='word_1_248' title='bbox 119 3012 147 3082; x_wconf 75' lang='grc'>*)</span> <span class='ocrx_word' id='word_1_249' title='bbox 167 3027 231 3081; x_wconf 83' lang='lat' dir='ltr'>pag.</span> <span class='ocrx_word' id='word_1_250' title='bbox 250 3009 367 3065; x_wconf 85' lang='lat' dir='ltr'>interior</span> <span class='ocrx_word' id='word_1_251' title='bbox 388 3008 537 3064; x_wconf 87' lang='lat' dir='ltr'>difficulter</span> <span class='ocrx_word' id='word_1_252' title='bbox 554 3006 685 3079; x_wconf 79' lang='lat' dir='ltr'>legitur.”</span> 
     </span>
    </p>

    <p class='ocr_par' dir='ltr' id='par_1_4' title="bbox 119 3094 1223 3172">
     <span class='ocr_line' id='line_1_28' title="bbox 119 3094 1223 3172; baseline -0.004 -17"><span class='ocrx_word' id='word_1_253' title='bbox 119 3101 150 3172; x_wconf 85' lang='lat'>1)</span> <span class='ocrx_word' id='word_1_254' title='bbox 171 3099 200 3155; x_wconf 84' lang='lat' dir='ltr'>C.</span> <span class='ocrx_word' id='word_1_255' title='bbox 221 3100 333 3170; x_wconf 82' lang='lat' dir='ltr'>putent’</span> <span class='ocrx_word' id='word_1_256' title='bbox 351 3117 390 3153; x_wconf 91' lang='lat'>=</span> <span class='ocrx_word' id='word_1_257' title='bbox 408 3100 553 3170; x_wconf 85' lang='lat' dir='ltr'>putantur.</span> <span class='ocrx_word' id='word_1_258' title='bbox 583 3096 731 3152; x_wconf 75' lang='lat' dir='ltr'>Caeterum</span> <span class='ocrx_word' id='word_1_259' title='bbox 750 3095 786 3150; x_wconf 86' lang='lat' dir='ltr'>ad</span> <span class='ocrx_word' id='word_1_260' title='bbox 806 3097 899 3151; x_wconf 91' lang='lat' dir='ltr'>totum</span> <span class='ocrx_word' id='word_1_261' title='bbox 917 3094 1011 3150; x_wconf 90' lang='lat' dir='ltr'>locum</span> <span class='ocrx_word' id='word_1_262' title='bbox 1032 3095 1067 3151; x_wconf 91' lang='lat' dir='ltr'>cf.</span> <span class='ocrx_word' id='word_1_263' title='bbox 1087 3096 1108 3150; x_wconf 93' lang='grc' dir='ltr'>Ι.</span> <span class='ocrx_word' id='word_1_264' title='bbox 1132 3096 1223 3166; x_wconf 63' lang='lat'>5120.</span> 
     </span>
    </p>

    <p class='ocr_par' dir='ltr' id='par_1_5' title="bbox 119 3185 1036 3259">
     <span class='ocr_line' id='line_1_29' title="bbox 119 3185 1036 3259; baseline -0.004 -14"><span class='ocrx_word' id='word_1_265' title='bbox 119 3191 150 3258; x_wconf 80' lang='lat'>2)</span> <span class='ocrx_word' id='word_1_266' title='bbox 172 3189 319 3259; x_wconf 81' lang='lat' dir='ltr'>»Spatium</span> <span class='ocrx_word' id='word_1_267' title='bbox 337 3199 363 3245; x_wconf 82' lang='lat' dir='ltr'>et</span> <span class='ocrx_word' id='word_1_268' title='bbox 380 3188 426 3245; x_wconf 80' lang='lat' dir='ltr'>vel</span> <span class='ocrx_word' id='word_1_269' title='bbox 444 3187 582 3243; x_wconf 78' lang='lat' dir='ltr'>similibus</span> <span class='ocrx_word' id='word_1_270' title='bbox 599 3186 703 3242; x_wconf 87' lang='lat' dir='ltr'>litteris</span> <span class='ocrx_word' id='word_1_271' title='bbox 722 3186 843 3256; x_wconf 87' lang='lat' dir='ltr'>perbene</span> <span class='ocrx_word' id='word_1_272' title='bbox 862 3185 1036 3256; x_wconf 81' lang='lat' dir='ltr'>expleatur”.</span> 
     </span>
    </p>

    <p class='ocr_par' dir='ltr' id='par_1_6' title="bbox 78 3273 1284 3799">
     <span class='ocr_line' id='line_1_30' title="bbox 119 3273 1284 3352; baseline -0.006 -17"><span class='ocrx_word' id='word_1_273' title='bbox 119 3280 150 3351; x_wconf 84' lang='grc'>3)</span> <span class='ocrx_word' id='word_1_274' title='bbox 172 3280 201 3334; x_wconf 83' lang='lat' dir='ltr'>O.</span> <span class='ocrx_word' id='word_1_275' title='bbox 230 3279 285 3352; x_wconf 75' lang='lat' dir='ltr'>fere</span> <span class='ocrx_word' id='word_1_276' title='bbox 309 3278 464 3336; x_wconf 83' lang='lat' dir='ltr'>bestiarum</span> <span class='ocrx_word' id='word_1_277' title='bbox 487 3294 602 3332; x_wconf 87' lang='lat' dir='ltr'>numero</span> <span class='ocrx_word' id='word_1_278' title='bbox 628 3278 707 3342; x_wconf 78' lang='lat' dir='ltr'>sunt3</span> <span class='ocrx_word' id='word_1_279' title='bbox 735 3279 765 3330; x_wconf 92' lang='lat' dir='ltr'>et</span> <span class='ocrx_word' id='word_1_280' title='bbox 791 3277 830 3330; x_wconf 91' lang='lat' dir='ltr'>sic</span> <span class='ocrx_word' id='word_1_281' title='bbox 856 3275 929 3343; x_wconf 69' lang='lat' dir='ltr'>edd„</span> <span class='ocrx_word' id='word_1_282' title='bbox 956 3292 1014 3330; x_wconf 90' lang='lat' dir='ltr'>non</span> <span class='ocrx_word' id='word_1_283' title='bbox 1039 3277 1169 3330; x_wconf 83' lang='lat' dir='ltr'>curantes</span> <span class='ocrx_word' id='word_1_284' title='bbox 1192 3273 1284 3329; x_wconf 85' lang='lat' dir='ltr'>latine</span> 
     </span>
     <span class='ocr_line' id='line_1_31' title="bbox 78 3363 1282 3442; baseline -0.005 -18"><span class='ocrx_word' id='word_1_285' title='bbox 78 3367 110 3424; x_wconf 88' lang='lat' dir='ltr'>id</span> <span class='ocrx_word' id='word_1_286' title='bbox 134 3371 249 3425; x_wconf 84' lang='lat' dir='ltr'>tantum</span> <span class='ocrx_word' id='word_1_287' title='bbox 276 3365 350 3442; x_wconf 62' lang='lat' dir='ltr'>⁸fere&#39;</span> <span class='ocrx_word' id='word_1_288' title='bbox 378 3369 418 3441; x_wconf 90' lang='lat' dir='ltr'>[s]</span> <span class='ocrx_word' id='word_1_289' title='bbox 448 3383 564 3422; x_wconf 86' lang='lat' dir='ltr'>numero</span> <span class='ocrx_word' id='word_1_290' title='bbox 588 3365 711 3437; x_wconf 86' lang='lat' dir='ltr'>quodem</span> <span class='ocrx_word' id='word_1_291' title='bbox 736 3381 794 3420; x_wconf 88' lang='lat' dir='ltr'>esse</span> <span class='ocrx_word' id='word_1_292' title='bbox 822 3364 890 3430; x_wconf 89' lang='lat' dir='ltr'>dici,</span> <span class='ocrx_word' id='word_1_293' title='bbox 917 3363 963 3419; x_wconf 92' lang='lat' dir='ltr'>cui</span> <span class='ocrx_word' id='word_1_294' title='bbox 989 3363 1144 3420; x_wconf 90' lang='lat' dir='ltr'>etiamdum</span> <span class='ocrx_word' id='word_1_295' title='bbox 1173 3363 1282 3434; x_wconf 85' lang='lat' dir='ltr'>aliquid</span> 
     </span>
     <span class='ocr_line' id='line_1_32' title="bbox 78 3454 1283 3530; baseline -0.003 -17"><span class='ocrx_word' id='word_1_296' title='bbox 78 3457 170 3530; x_wconf 84' lang='lat' dir='ltr'>deest.</span> <span class='ocrx_word' id='word_1_297' title='bbox 199 3458 347 3515; x_wconf 85' lang='lat' dir='ltr'>Huschke:</span> <span class='ocrx_word' id='word_1_298' title='bbox 374 3457 433 3529; x_wconf 72' lang='lat' dir='ltr'>fera</span> <span class='ocrx_word' id='word_1_299' title='bbox 458 3477 485 3524; x_wconf 88' lang='lat' dir='ltr'>e;</span> <span class='ocrx_word' id='word_1_300' title='bbox 513 3456 562 3511; x_wconf 84' lang='lat' dir='ltr'>sed</span> <span class='ocrx_word' id='word_1_301' title='bbox 585 3455 655 3526; x_wconf 88' lang='lat' dir='ltr'>quid</span> <span class='ocrx_word' id='word_1_302' title='bbox 677 3454 789 3510; x_wconf 86' lang='lat' dir='ltr'>intersit</span> <span class='ocrx_word' id='word_1_303' title='bbox 807 3455 882 3509; x_wconf 91' lang='lat' dir='ltr'>inter</span> <span class='ocrx_word' id='word_1_304' title='bbox 902 3454 992 3509; x_wconf 83' lang='lat' dir='ltr'>»feras</span> <span class='ocrx_word' id='word_1_305' title='bbox 1011 3455 1135 3510; x_wconf 84' lang='lat' dir='ltr'>bestias”</span> <span class='ocrx_word' id='word_1_306' title='bbox 1154 3457 1184 3510; x_wconf 90' lang='lat' dir='ltr'>et</span> <span class='ocrx_word' id='word_1_307' title='bbox 1204 3454 1283 3509; x_wconf 80' lang='lat' dir='ltr'>»sera</span> 
     </span>
     <span class='ocr_line' id='line_1_33' title="bbox 78 3541 1282 3613; baseline -0.006 -9"><span class='ocrx_word' id='word_1_308' title='bbox 78 3565 97 3604; x_wconf 91' lang='lat' dir='ltr'>e</span> <span class='ocrx_word' id='word_1_309' title='bbox 126 3548 281 3603; x_wconf 86' lang='lat' dir='ltr'>bestiarum</span> <span class='ocrx_word' id='word_1_310' title='bbox 306 3541 438 3604; x_wconf 85' lang='lat' dir='ltr'>numero&#39;&#39;</span> <span class='ocrx_word' id='word_1_311' title='bbox 464 3564 521 3602; x_wconf 87' lang='lat' dir='ltr'>non</span> <span class='ocrx_word' id='word_1_312' title='bbox 546 3545 636 3603; x_wconf 86' lang='lat' dir='ltr'>video.</span> <span class='ocrx_word' id='word_1_313' title='bbox 665 3543 720 3598; x_wconf 86' lang='lat' dir='ltr'>Sed</span> <span class='ocrx_word' id='word_1_314' title='bbox 746 3543 883 3599; x_wconf 85' lang='lat' dir='ltr'>elefantos</span> <span class='ocrx_word' id='word_1_315' title='bbox 909 3545 939 3599; x_wconf 92' lang='lat' dir='ltr'>et</span> <span class='ocrx_word' id='word_1_316' title='bbox 963 3542 1084 3598; x_wconf 87' lang='lat' dir='ltr'>camelos</span> <span class='ocrx_word' id='word_1_317' title='bbox 1110 3543 1169 3613; x_wconf 91' lang='lat' dir='ltr'>ipse</span> <span class='ocrx_word' id='word_1_318' title='bbox 1196 3542 1282 3597; x_wconf 85' lang='lat' dir='ltr'>Gaius</span> 
     </span>
     <span class='ocr_line' id='line_1_34' title="bbox 78 3632 1284 3710; baseline -0.005 -18"><span class='ocrx_word' id='word_1_319' title='bbox 78 3639 110 3710; x_wconf 87' lang='lat' dir='ltr'>(t.</span> <span class='ocrx_word' id='word_1_320' title='bbox 127 3639 153 3692; x_wconf 84' lang='lat'>2.</span> <span class='ocrx_word' id='word_1_321' title='bbox 172 3639 230 3706; x_wconf 60' lang='lat' dir='ltr'>§Q</span> <span class='ocrx_word' id='word_1_322' title='bbox 248 3637 285 3692; x_wconf 88' lang='lat' dir='ltr'>ad</span> <span class='ocrx_word' id='word_1_323' title='bbox 299 3637 354 3710; x_wconf 82' lang='lat' dir='ltr'>leg.</span> <span class='ocrx_word' id='word_1_324' title='bbox 371 3637 466 3708; x_wconf 85' lang='lat' dir='ltr'>Aquil.</span> <span class='ocrx_word' id='word_1_325' title='bbox 483 3637 522 3706; x_wconf 84' lang='lat'>(9.</span> <span class='ocrx_word' id='word_1_326' title='bbox 534 3636 591 3708; x_wconf 87' lang='lat'>2.))</span> <span class='ocrx_word' id='word_1_327' title='bbox 603 3633 702 3705; x_wconf 83' lang='lat' dir='ltr'>»quasi</span> <span class='ocrx_word' id='word_1_328' title='bbox 718 3633 831 3687; x_wconf 79' lang='lat' dir='ltr'>mictos”</span> <span class='ocrx_word' id='word_1_329' title='bbox 846 3632 929 3699; x_wconf 81' lang='lat' dir='ltr'>dicit3</span> <span class='ocrx_word' id='word_1_330' title='bbox 947 3649 1031 3687; x_wconf 82' lang='lat' dir='ltr'>»nam</span> <span class='ocrx_word' id='word_1_331' title='bbox 1048 3633 1078 3686; x_wconf 92' lang='lat' dir='ltr'>et</span> <span class='ocrx_word' id='word_1_332' title='bbox 1094 3632 1284 3688; x_wconf 86' lang='lat' dir='ltr'>iumentorum</span> 
     </span>
     <span class='ocr_line' id='line_1_35' title="bbox 78 3719 1282 3799; baseline -0.007 -15"><span class='ocrx_word' id='word_1_333' title='bbox 78 3743 196 3798; x_wconf 88' lang='lat' dir='ltr'>operam</span> <span class='ocrx_word' id='word_1_334' title='bbox 215 3729 362 3799; x_wconf 85' lang='lat' dir='ltr'>praestant</span> <span class='ocrx_word' id='word_1_335' title='bbox 381 3729 412 3783; x_wconf 89' lang='lat' dir='ltr'>et</span> <span class='ocrx_word' id='word_1_336' title='bbox 430 3731 532 3782; x_wconf 86' lang='lat' dir='ltr'>natura</span> <span class='ocrx_word' id='word_1_337' title='bbox 547 3742 643 3781; x_wconf 90' lang='lat' dir='ltr'>eorum</span> <span class='ocrx_word' id='word_1_338' title='bbox 659 3725 718 3778; x_wconf 87' lang='lat' dir='ltr'>fera</span> <span class='ocrx_word' id='word_1_339' title='bbox 734 3720 805 3778; x_wconf 84' lang='lat' dir='ltr'>est&#39;&#39;.</span> <span class='ocrx_word' id='word_1_340' title='bbox 834 3723 902 3778; x_wconf 83' lang='lat' dir='ltr'>Tale</span> <span class='ocrx_word' id='word_1_341' title='bbox 918 3719 987 3793; x_wconf 87' lang='lat' dir='ltr'>quid</span> <span class='ocrx_word' id='word_1_342' title='bbox 1003 3719 1282 3777; x_wconf 84' lang='lat' dir='ltr'>ethicdesidsratur.</span> 
     </span>
    </p>

    <p class='ocr_par' dir='ltr' id='par_1_7' title="bbox 482 3814 503 3856">
     <span class='ocr_line' id='line_1_36' title="bbox 482 3814 503 3856; baseline 0 -31"><span class='ocrx_word' id='word_1_343' title='bbox 482 3814 503 3856; x_wconf 60' lang='lat' dir='ltr'>d.</span> 
     </span>
    </p>
   </div>
   <div class='ocr_carea' id='block_1_4' title="bbox 80 3828 1285 4136">
    <p class='ocr_par' dir='ltr' id='par_1_8' title="bbox 80 3828 1285 4136">
     <span class='ocr_line' id='line_1_37' title="bbox 118 3828 1285 3944; baseline -0.005 -19"><span class='ocrx_word' id='word_1_344' title='bbox 118 3872 150 3944; x_wconf 88' lang='grc'>4)</span> <span class='ocrx_word' id='word_1_345' title='bbox 169 3869 296 3926; x_wconf 84' lang='lat' dir='ltr'>Studem.</span> <span class='ocrx_word' id='word_1_346' title='bbox 316 3867 404 3925; x_wconf 71' lang='lat' dir='ltr'>eruite</span> <span class='ocrx_word' id='word_1_347' title='bbox 423 3828 595 3923; x_wconf 66' lang='lat' dir='ltr'>carlum.</span> <span class='ocrx_word' id='word_1_348' title='bbox 633 3866 663 3921; x_wconf 80' lang='lat' dir='ltr'>Si</span> <span class='ocrx_word' id='word_1_349' title='bbox 681 3866 779 3920; x_wconf 89' lang='lat' dir='ltr'>nostra</span> <span class='ocrx_word' id='word_1_350' title='bbox 798 3865 883 3921; x_wconf 90' lang='lat' dir='ltr'>lectio</span> <span class='ocrx_word' id='word_1_351' title='bbox 902 3883 968 3922; x_wconf 89' lang='lat' dir='ltr'>vera</span> <span class='ocrx_word' id='word_1_352' title='bbox 987 3866 1031 3920; x_wconf 88' lang='lat' dir='ltr'>est</span> <span class='ocrx_word' id='word_1_353' title='bbox 1048 3863 1079 3922; x_wconf 90' lang='lat' dir='ltr'>in</span> <span class='ocrx_word' id='word_1_354' title='bbox 1098 3862 1199 3923; x_wconf 77' lang='lat' dir='ltr'>Codice</span> <span class='ocrx_word' id='word_1_355' title='bbox 1214 3863 1285 3920; x_wconf 77' lang='lat' dir='ltr'>fuitr</span> 
     </span>
     <span class='ocr_line' id='line_1_38' title="bbox 80 3947 1042 4046; baseline -0.007 -19"><span class='ocrx_word' id='word_1_356' title='bbox 80 3969 142 4046; x_wconf 71' lang='lat' dir='ltr'>»da</span> <span class='ocrx_word' id='word_1_357' title='bbox 159 3963 283 4037; x_wconf 40' lang='lat' dir='ltr'>mitio&amp;</span> <span class='ocrx_word' id='word_1_358' title='bbox 308 3947 441 4024; x_wconf 77' lang='lat' dir='ltr'>mendose</span> <span class='ocrx_word' id='word_1_359' title='bbox 467 3947 533 4039; x_wconf 71' lang='lat' dir='ltr'>pro:</span> <span class='ocrx_word' id='word_1_360' title='bbox 554 3963 609 4034; x_wconf 72' lang='lat' dir='ltr'>»ds</span> <span class='ocrx_word' id='word_1_361' title='bbox 630 3982 664 4020; x_wconf 90' lang='lat' dir='ltr'>ne</span> <span class='ocrx_word' id='word_1_362' title='bbox 683 3954 792 4022; x_wconf 49' lang='lat' dir='ltr'>misti&amp;</span> <span class='ocrx_word' id='word_1_363' title='bbox 812 3967 887 4037; x_wconf 91' lang='lat' dir='ltr'>quod</span> <span class='ocrx_word' id='word_1_364' title='bbox 906 3965 1042 4022; x_wconf 87' lang='lat' dir='ltr'>dedimus.</span> 
     </span>
     <span class='ocr_line' id='line_1_39' title="bbox 120 4055 807 4136; baseline -0.006 -19"><span class='ocrx_word' id='word_1_365' title='bbox 120 4063 151 4136; x_wconf 88' lang='grc'>5)</span> <span class='ocrx_word' id='word_1_366' title='bbox 173 4061 211 4119; x_wconf 82' lang='grc'>0.;</span> <span class='ocrx_word' id='word_1_367' title='bbox 233 4079 247 4115; x_wconf 92' lang='lat' dir='ltr'>r</span> <span class='ocrx_word' id='word_1_368' title='bbox 266 4062 328 4133; x_wconf 89' lang='lat' dir='ltr'>(pro</span> <span class='ocrx_word' id='word_1_369' title='bbox 348 4058 401 4125; x_wconf 77' lang='grc' dir='ltr'>ηι”</span> <span class='ocrx_word' id='word_1_370' title='bbox 420 4075 458 4112; x_wconf 90' lang='lat'><strong>=</strong></span> <span class='ocrx_word' id='word_1_371' title='bbox 477 4058 532 4128; x_wconf 86' lang='lat' dir='ltr'>res)</span> <span class='ocrx_word' id='word_1_372' title='bbox 552 4062 601 4136; x_wconf 62' lang='grc' dir='ltr'>οφ,</span> <span class='ocrx_word' id='word_1_373' title='bbox 621 4055 670 4128; x_wconf 75' lang='lat' dir='ltr'>(z</span> <span class='ocrx_word' id='word_1_374' title='bbox 690 4055 807 4129; x_wconf 85' lang='lat' dir='ltr'>existis).</span> 
     </span>
    </p>
   </div>
   <div class='ocr_carea' id='block_1_5' title="bbox 0 0 1486 4596">
    <p class='ocr_par' dir='ltr' id='par_1_9' title="bbox 0 0 1486 4596">
     <span class='ocr_line' id='line_1_40' title="bbox 0 0 1486 4596; baseline 0 2"><span class='ocrx_word' id='word_1_375' title='bbox 0 0 1486 4596; x_wconf 95' lang='lat' dir='ltr'> </span> 
     </span>
    </p>
   </div>
  </div>
 </body>
</html>
