2916 4604
201 41 266 112 178
474 40 627 108 msuIII.
652 61 675 108 1.
698 43 735 128 ξς
760 39 818 119 15,
844 39 897 106 16.
921 60 956 106 11.
978 61 1026 125 pr.
1050 38 1111 125 §L

195 236 242 298 ita
265 239 297 299 et
319 232 503 318 principalis
527 231 691 317 dispositio
714 233 749 294 in
771 229 877 295 locum
901 233 1013 296 matris
1037 252 1111 296 suae
1134 229 1187 298 vel
1209 234 1298 297 aviae
1318 252 1368 296 eos

196 359 270 402 cum
293 340 360 402 iam
383 339 548 424 designata
570 341 669 422 partis
693 338 805 402 tertiae
829 336 1043 402 deminutione
1066 342 1170 403 vocat.
1212 335 1275 402 Sed
1293 357 1365 412 nos,
1378 358 1400 400 rs

196 464 269 508 cum
304 443 407 508 adhue
440 444 598 508 dubitatio
633 443 782 507 manebat
816 445 900 508 inter
935 444 1087 530 adgnatos
1119 447 1151 508 et
1182 449 1370 508 memoratos

194 553 341 635 nepotes,
366 555 488 634 partem
513 555 658 634 quartam
678 549 820 614 defuncti
841 550 1036 614 substantiae
1056 549 1202 636 adgnatis
1222 550 1284 614 sibi
1303 553 1371 614 vin-

195 656 375 721 dicantibus
405 675 443 719 ex
473 657 639 722 cuiusdam
668 657 903 720 constitutionis
935 658 1139 740 auctoritate,
1163 661 1372 721 memoratam

196 763 324 849 quidem
343 764 602 828 constitutionem
622 784 640 828 a
660 769 766 828 nostro
786 763 892 828 codice
913 765 1155 850 segregavimus
1166 782 1266 847 neque
1277 763 1374 825 inseri

195 890 267 934 eam
297 892 335 935 ex
366 867 581 936 Theodosiano
612 870 718 935 codice
748 871 781 932 in
805 890 842 934 eo
865 872 1085 934 concessimus.
1132 873 1238 934 nostra
1263 875 1371 932 autem

195 977 417 1040 constitutione
440 975 644 1062 promulgata
667 979 727 1040 toti
751 978 815 1040 iuri
838 978 906 1040 eius
927 974 1117 1062 derogatum
1137 981 1202 1040 est:
1224 981 1257 1040 et
1268 978 1372 1039 sanxi·

194 1104 266 1149 mus
300 1081 418 1147 talibus
449 1083 615 1167 nepotibus
648 1103 686 1147 ex
718 1080 785 1147 filia
815 1081 868 1148 vel
900 1083 1125 1166 pronepotibus
1156 1103 1194 1146 ex
1222 1087 1317 1166 nepte
1342 1087 1373 1145 et

194 1188 339 1275 deinceps
382 1190 606 1273 superstitibus
644 1189 797 1276 adgnatos
831 1187 955 1252 nullam
989 1193 1112 1272 partem
1147 1190 1268 1252 mortui
1303 1209 1373 1252 suo-

193 1297 341 1360 osssionis
363 1296 425 1360 sibi
448 1296 625 1374 vindicare,
653 1317 692 1360 ne
712 1296 765 1371 hi,
790 1297 846 1380 qui
865 1316 904 1359 ex
923 1300 1101 1359 transversa
1120 1293 1204 1358 linea
1215 1296 1370 1372 veniunt,

193 1405 329 1488 potiores
358 1401 409 1467 his
436 1382 627 1479 habeantuh,
653 1404 708 1487 qui
731 1407 816 1466 recto
839 1403 909 1466 iure
932 1399 1134 1466 descendunt.
1181 1421 1275 1484 quam
1299 1420 1373 1464 con·

193 1511 395 1574 stitutionem
428 1513 568 1572 nostram
602 1511 744 1593 optinere
774 1506 948 1572 secundnm
980 1509 1031 1570 sui
1062 1509 1205 1592 vigorem
1235 1511 1267 1570 et
1288 1511 1374 1570 tem·

190 1635 266 1699 pora
300 1621 332 1680 et
364 1636 447 1678 nunc
483 1616 658 1678 sancimus:
694 1616 741 1678 ita
774 1618 882 1678 tamen
913 1617 967 1696 ut,
996 1612 1261 1697 quemadmodum
1284 1615 1373 1678 inter

192 1717 274 1785 filios
297 1727 328 1785 et
351 1725 480 1806 nepotes
504 1741 542 1784 ex
565 1717 631 1784 filio
655 1722 828 1804 antiquitas
852 1721 966 1784 statuit
989 1739 1052 1783 non
1075 1721 1108 1781 in
1133 1721 1236 1804 capita
1259 1719 1316 1784 sed
1336 1721 1373 1782 in

191 1828 304 1912 stirpes
334 1827 437 1892 dividi
468 1825 695 1908 hereditatem,
726 1825 875 1890 similiter
897 1845 953 1889 nos
976 1827 1059 1889 inter
1081 1822 1161 1889 filios
1183 1829 1215 1889 et
1237 1831 1371 1910 nepotes

193 1953 231 1996 ex
262 1931 327 1997 filia
354 1933 611 1997 distributionem
636 1929 704 1996 fieri
727 1931 896 2008 iubemus,
920 1929 974 1998 vel
997 1933 1080 1995 inter
1103 1951 1211 1996 omnes
1232 1937 1366 2016 nepotes

191 2042 223 2102 et
244 2045 353 2124 neptes
376 2045 409 2103 et
432 2037 510 2103 alias
534 2038 680 2122 deinceps
702 2058 870 2122 personas,
894 2043 932 2102 ut
954 2042 1087 2122 utraque
1111 2038 1275 2124 progenies
1299 2059 1369 2101 ma-

191 2146 249 2208 tris
272 2165 345 2210 suae
369 2142 422 2210 vel
444 2146 561 2229 patris,
586 2147 675 2210 ariae
698 2143 752 2210 vel
775 2147 828 2210 avi
847 2146 1027 2230 portionem
1048 2147 1115 2209 sine
1134 2144 1202 2209 ulla
1221 2145 1370 2210 deminu-

190 2253 275 2315 tione
305 2261 550 2336 consequantur,
583 2255 637 2334 ut,
670 2254 697 2316 si
728 2250 808 2316 forte
837 2271 920 2316 unus
948 2250 1002 2316 vel
1025 2251 1087 2316 duo
1111 2273 1150 2316 ex
1172 2273 1236 2316 una
1259 2259 1368 2336 parte,

189 2378 227 2420 ex
257 2356 355 2422 altera
385 2362 449 2422 tres
479 2363 535 2422 aut
566 2361 717 2442 quattuor
749 2363 875 2434 extent,
906 2379 988 2421 unus
1012 2363 1068 2422 aut
1091 2356 1153 2422 duo
1177 2358 1366 2434 dimidiam,

191 2463 283 2528 alteri
305 2469 368 2529 tres
391 2469 447 2528 aut
470 2469 620 2548 quattuor
643 2462 775 2528 alteram
800 2464 970 2529 dimidiam
993 2464 1179 2528 hereditatis
1201 2464 1349 2529 habeant.

753 2647 793 2712 H.

367 2817 417 2878 DE
437 2817 625 2878 thalerus
645 2817 909 2878 Ansnsrosun
930 2817 1186 2879 succressIoNh.

232 2977 267 3046 Si
300 3001 394 3046 nemo
413 2981 506 3044 'suus
539 2982 629 3045 heres
662 2981 715 3046 vel
747 3002 877 3066 eorum,
909 3004 987 3068 quos
1018 2985 1102 3048 inter
1132 3003 1206 3047 suos
1237 2978 1365 3046 heredes

186 3095 311 3174 praetor
340 3086 392 3153 vel
423 3090 664 3153 constitutiones
693 3094 828 3163 vocant,
862 3095 950 3155 extat
982 3095 1013 3155 et
1037 3091 1362 3172 successionemque

185 3215 247 3279 quo
278 3194 372 3258 modo
403 3193 630 3278 amplectatur:
663 3201 739 3259 tune
772 3194 905 3284 exlege
928 3196 1094 3261 duodecim
1117 3193 1302 3260 tabularum
1323 3192 1360 3256 ad

185 3300 361 3387 adgnatum
390 3303 572 3385 proximum
600 3301 758 3366 hereditas
780 3305 927 3386 pertinet.
974 3301 1057 3367 Sunt
1082 3307 1189 3367 autem
1215 3300 1384 3386 adgnati‚r

184 3415 221 3470 ut
251 3408 354 3491 primo
385 3427 507 3491 quoque
538 3404 620 3471 libro
652 3407 859 3486 tradidimus,
894 3411 1022 3494 cognati
1055 3429 1111 3493 per
1134 3406 1247 3473 mritis
1269 3425 1356 3470 serus

182 3533 330 3598 personas
368 3515 553 3600 cognatione
587 3515 707 3590 iuncti,
744 3517 833 3598 quasi
868 3535 887 3579 a
922 3520 1010 3600 patre
1045 3516 1184 3602 cognati.
1243 3512 1354 3608 itaque

181 3621 305 3692 eodem
339 3633 437 3718 patre
471 3622 544 3691 nati
577 3622 703 3693 fratres
729 3622 875 3720 adgnati
901 3623 968 3695 sibi
996 3635 1094 3718 sunt,
1120 3624 1181 3721 qui
1211 3635 1246 3694 et
1272 3649 1356 3694 con·

179 3737 363 3834 sanguinei
397 3746 591 3826 vocantur,
630 3763 696 3808 nec
735 3739 945 3835 requiritur,
989 3764 1034 3807 an
1070 3739 1175 3808 etiam
1212 3736 1350 3808 eandem

176 3860 324 3920 matrem
349 3848 547 3919 habuerint.
581 3851 664 3921 item
690 3861 835 3946 patruus
861 3851 979 3923 fratris
1005 3851 1079 3921 filio
1108 3860 1143 3920 et
1160 3850 1309 3920 invicem
1325 3850 1353 3916 is

177 3962 230 4032 illi
261 3963 436 4061 adgnatus
461 3974 524 4033 est.
576 3962 699 4033 eodem
727 3987 874 4035 numero
901 3977 983 4036 sunt
1009 3963 1135 4035 fratres
1160 3962 1352 4059 patrueles,

180 4074 216 4144 id
246 4087 300 4146 est
328 4078 388 4174 qui
413 4104 455 4148 ex
480 4069 618 4144 duobus
644 4075 812 4147 fratribus
838 4079 1014 4172 procreati
1040 4088 1141 4170 sunt,
1166 4078 1227 4174 qui
1254 4077 1349 4147 etiem
