2934 4608
222 67 267 136 84
338 87 340 93 ⁸
515 81 519 88 ·
658 85 746 136 ruer.
768 51 814 136 11ss
835 87 904 139 xm.
929 65 991 153 §a

269 258 524 330 Postumormn
549 265 666 327 autem
689 254 772 328 loco
799 263 882 326 sunt
906 254 1023 350 ethi,
1049 254 1110 353 qui
1131 255 1169 326 in
1190 255 1245 326 sui
1264 253 1408 326 heredisr

221 367 306 442 loco
337 367 562 443 succedendo
595 369 697 466 quasi
730 366 983 467 adgnascendo
1008 367 1099 438 fiunt
1121 366 1324 465 parentibus
1346 371 1389 439 sui

223 479 384 553 heredes.
422 491 461 552 ut
481 507 566 553 eece
589 482 619 552 si
632 482 710 579 quis
732 479 844 550 filium
865 491 959 552 etex
981 505 1025 553 ee
1042 491 1208 578 nepotem
1220 491 1391 577 neptemve

213 595 260 664 in
294 595 466 690 potestate
491 591 641 687 haheat,
666 593 748 693 quia
772 593 867 664 filius
893 593 1008 693 grad-u
1031 591 1228 691 praeeedit,
1253 589 1285 664 is
1309 593 1392 666 solus

187 725 191 730 ·
223 707 300 777 iura
333 706 387 776 sui
419 704 561 776 heredis
589 703 718 800 hahet,
743 699 903 804 qrram'vis
932 733 1043 804 nepos
1065 699 1206 806 queque
1232 717 1267 778 et
1292 709 1392 804 neptis

225 843 269 890 ex
296 820 399 889 eoin
429 817 553 890 eadem
573 829 747 916 potestate
771 829 874 892 sunt:
899 819 962 891 sed
988 822 1018 892 si
1047 819 1234 891 filiuseius
1254 821 1334 891 vivo
1353 847 1389 892 eo

211 931 395 1002 moriatur
421 940 481 1001 aut
504 930 663 1030 qualibet
682 931 752 1003 alia
772 934 908 1005 ratione
930 944 1032 1005 exeat
1053 932 1099 1005 de
1119 942 1295 1030 potestate
1315 934 1394 1026 eius,

224 1043 350 1140 incipit
374 1061 485 1140 nepos
497 1045 674 1142 neptisve
685 1045 732 1115 in
746 1046 820 1117 eius
839 1044 959 1118 locum
980 1045 1184 1153 succedere
1190 1056 1225 1117 et
1244 1071 1286 1116 eo
1302 1045 1396 1116 modo

225 1154 302 1226 iura
329 1165 472 1226 suorum
496 1147 667 1229 heredum
694 1160 795 1257 quasi
821 1159 1037 1264 adgnatione
1061 1141 1324 1231 nanciscuntur
1359 1185 1395 1230 ue

83 1342 85 1350 ,
187 1285 312 1376 Ιἰιιιςο
345 1296 387 1340 eo
418 1269 524 1342 modo
559 1281 741 1369 rumpatur
771 1273 845 1344 eius
878 1283 1150 1367 testamentum,
1167 1273 1306 1344 sicut
1294 1298 1398 1368 ipsum

223 1381 337 1453 filium
372 1380 429 1454 vel
462 1381 628 1454 heredem
658 1385 840 1455 instituere
873 1385 940 1456 vel
965 1387 1168 1458 nourinatim
1194 1371 1399 1473 exheredare

226 1485 333 1567 debet
367 1502 543 1591 testator,
571 1509 616 1568 ire
650 1523 723 1568 non
754 1499 829 1568 iur'e
859 1497 967 1570 faciat
1002 1509 1269 1593 testamentum,
1300 1499 1400 1569 itaet

225 1619 390 1712 nepotem
424 1619 609 1710 neptemve
643 1633 686 1682 ex
718 1607 793 1683 filio
827 1637 973 1683 necesse
1004 1622 1058 1687 est
1087 1613 1119 1683 ei
1152 1611 1210 1684 vel
1240 1609 1399 1684 heredem

221 1720 406 1850 instituere
437 1719 494 1792 vel
504 1719 778 1840 exheredare,
785 1750 829 1797 ne
855 1723 1006 1797 sorte
974 1751 1054 1838 vivo
1081 1751 1123 1798 eo
1149 1721 1245 1796 filio
1248 1736 1401 1820 mortuo,
