3024 4574
215 65 260 134 28
579 65 703 133 meni.
728 53 771 132 vi.
795 65 856 150 §b
887 84 943 132 vn.

208 253 279 326 sibi
299 255 480 326 instituere
500 254 686 352 legataque
706 252 905 350 relinquere
924 255 1055 350 possit,
1073 264 1206 347 tamen,
1224 257 1254 326 si
1270 251 1388 328 adbuc

212 367 329 439 minor
354 367 401 438 sit
422 367 524 436 annis
549 367 697 465 viginti,
721 364 920 438 libertatem
937 391 1040 438 servo
1059 365 1144 439 dare
1157 392 1230 438 non
1239 378 1386 464 peterat

216 481 301 566 quod
322 501 386 547 non
409 485 475 546 erat
498 480 681 564 ferendum,
704 482 733 546 si
755 482 800 564 is,
825 483 877 546 cui
899 485 1039 546 totorum
1061 481 1217 547 bonorum
1239 485 1274 546 in
1295 487 1390 548 testa

213 593 324 654 mento
355 586 517 672 dispositio
545 586 620 652 data
642 590 723 663 erat,
747 587 916 652 miseno
937 584 1119 652 libertatem
1141 587 1216 652 dere
1238 608 1301 652 nen
1322 607 1392 673 per-

213 692 413 758 mittebatur.
446 711 542 776 quare
571 711 628 757 nos
658 689 808 758 similiter
830 691 861 758 ei
881 691 1151 776 quemadmodum
1172 691 1252 760 alias
1272 713 1322 759 res
1342 696 1391 759 ita

214 801 247 862 et
279 807 392 863 servos
420 817 494 862 suos
528 798 568 862 ia.
596 795 714 864 ultima
743 795 907 864 voluntate
937 797 1101 884 disponere
1122 799 1392 884 quemadmodum

216 899 355 968 voluerit
376 903 613 988 permittimus,
637 905 676 968 ut
698 905 730 966 et
751 901 933 969 libertatem
956 905 1003 968 eis
1025 905 1124 988 pessit
1146 909 1313 989 praestare.
1334 903 1393 970 sed

207 1026 286 1072 cum
314 1005 445 1074 libertas
475 1005 720 1074 inaestimabilis
745 1011 795 1072 est
817 1009 851 1073 et
873 1011 1001 1093 propter
1022 1007 1082 1076 boc
1103 1013 1176 1075 ente
1198 1010 1413 1076 vicesimum·

215 1112 327 1177 aetatis
350 1123 469 1178 annum
489 1114 663 1198 antiquitas
685 1111 868 1179 tiberiadem
891 1133 981 1180 servo
1004 1113 1073 1180 dari
1094 1115 1299 1200 prohibebat:
1319 1114 1391 1182 ideo

210 1230 268 1282 nos
303 1217 443 1284 mediam
475 1217 707 1303 quodammodo
742 1221 831 1285 viam
864 1218 1032 1307 eligentes¹
1053 1240 1116 1285 non
1147 1219 1243 1286 aliter
1272 1222 1391 1286 minan

210 1323 332 1409 viginti
353 1324 443 1388 aunis
460 1321 642 1390 libertatem
660 1325 695 1390 in
712 1327 902 1390 testamento
914 1325 989 1390 dare
999 1331 1089 1392 ser-'vc
1100 1334 1159 1392 suo
1170 1325 1390 1410 concedimus,

208 1429 274 1492 uisi
297 1429 470 1512 septimum
494 1433 526 1495 et
548 1429 710 1496 decimum
732 1449 853 1496 annum
875 1429 1059 1516 impleverit
1082 1437 1114 1496 et
1136 1436 1285 1497 octavum
1308 1431 1390 1497 decis

208 1545 304 1598 mum
333 1533 486 1620 tetigerit.
523 1556 597 1600 cum
627 1538 711 1604 enim
744 1536 917 1620 antiquitas
945 1536 1135 1602 'huiusmodi
1158 1539 1256 1602 aetati
1280 1543 1313 1602 et
1333 1557 1391 1622 pra

212 1637 286 1702 aliis
302 1638 469 1723 ¹postulare
491 1642 661 1718 concessit,
685 1661 742 1706 cur
763 1661 827 1706 non
850 1643 948 1707 etiam
965 1643 1016 1706 sui
1033 1642 1146 1706 iudicii
1165 1641 1323 1706 stabilitas
1342 1645 1391 1706 ita

214 1762 268 1808 eos
302 1742 451 1810 adiuvare
484 1746 645 1824 credatur,
680 1751 718 1810 ut
748 1752 780 1811 et
810 1747 849 1811 ad
879 1745 1041 1812 libertates
1063 1746 1182 1812 dandas
1204 1749 1303 1812 servis
1324 1749 1391 1812 suis

211 1851 335 1933 possint
355 1853 529 1934 provenire.

766 2030 835 2097 Vll

452 2180 502 2238 DE
522 2179 620 2240 Lucu
640 2180 756 2240 rusia
777 2179 942 2240 daumii
963 2180 1142 2240 SUBLATA.

208 2317 310 2414 Lege
335 2316 439 2388 Fufia
464 2317 615 2391 Caninia
637 2331 753 2392 certus
775 2319 901 2391 modus
924 2321 1133 2393 constitutus
1154 2333 1229 2393 erat
1244 2324 1290 2393 in
1302 2347 1387 2393 ser-

209 2429 264 2500 vis
287 2439 496 2504 testamento
527 2432 824 2505 manumittendis.
871 2455 968 2520 quam
992 2439 1083 2521 quasi
1105 2435 1306 2502 libertatibus
1325 2438 1387 2501 im·
1505 2451 1506 2516 l

212 2543 392 2628 pedientem
423 2550 455 2611 et
479 2547 711 2633 quodammodo
734 2547 878 2614 invidam
899 2543 1074 2612 tollendam
1097 2568 1163 2613 esse
1186 2550 1385 2632 censuimus,
1505 2585 1506 2590 κ

209 2669 286 2714 cum
317 2652 393 2714 satis
423 2651 527 2718 fuerat
557 2654 770 2750 inhumanum
801 2654 892 2718 vivos
922 2651 1051 2735 quidem
1081 2651 1244 2718 licentiam
1266 2655 1381 2719 habere

211 2755 315 2817 totam
338 2775 429 2820 suam
453 2757 610 2824 familiam
632 2757 780 2823 libertate
804 2757 936 2840 donare,
955 2758 1017 2820 nisi
1035 2756 1098 2822 alia
1116 2779 1210 2824 causa
1231 2759 1387 2845 impediat

208 2857 369 2946 libertati,
391 2865 599 2930 morientibus
621 2869 728 2929 autem
752 2861 937 2928 huiusmodi
957 2861 1120 2929 licentiam
1143 2864 1291 2931 adimere.
