2964 4596
222 69 266 135 30
616 89 702 137 mer.
725 71 767 136 11.
790 91 814 137 1.
839 70 1031 156 §sas-27.

269 258 295 344 1)
309 255 393 324 Oum
421 281 460 324 61
482 260 585 325 611666
607 263 743 326 16616116
766 262 885 345 6666166
909 259 1015 344 aliqua
1039 260 1123 324 facta
1145 262 1188 324 sit
1211 262 1250 325 ab
1276 261 1435 347 aliquam
1466 265 1467 318 l

223 367 334 450 quaeri
366 363 462 442 solet,
495 369 566 451 quis
597 387 708 433 661661
731 366 871 431 naturali
894 368 1015 431 ratione
1039 365 1187 430 dominus
1211 367 1270 450 sit,
1294 372 1408 431 utrum

220 474 251 536 is
282 474 337 555 qui
367 471 497 548 fecerit,
529 471 647 537 anille
671 474 779 556 potius
803 474 857 557 qui
882 473 1036 538 materiae
1060 473 1207 536 dominus
1230 471 1346 536 fuerit:
1372 477 1409 536 ut

220 598 293 642 6666
325 578 352 640 61
384 579 455 661 quis
487 598 526 641 61
556 577 668 643 6116616
696 580 770 642 uvis
801 582 857 642 aut
890 577 985 642 olivis
1016 581 1072 642 661
1095 579 1191 660 spicis
1213 580 1328 642 vinum
1354 582 1411 643 661

219 681 331 746 -616661
366 686 421 746 661
451 683 649 748 frumentum
679 683 807 766 fecerit,
832 688 950 748 66161
975 681 1077 748 611666
1102 703 1177 748 6616
1199 682 1253 749 161
1275 687 1410 771 argento

224 787 278 854 vel
309 809 379 853 aere
406 808 463 854 vas
487 788 614 873 aliquod
635 789 763 872 1666111,
787 787 841 854 vel
865 809 904 853 61
927 786 1030 853 611666
1053 790 1129 853 vino
1151 788 1302 854 61166116
1325 789 1412 853 1661-

225 912 297 956 6616
324 896 506 971 1616666111,
539 894 593 960 vel
626 916 664 959 61
695 894 806 959 6116616
838 893 1080 958 medicamentis
1111 893 1322 977 emplastrum
1357 899 1413 959 661
1467 957 1468 972 ,

228 997 399 1083 collyrium
425 1001 651 1085 composuerit,
675 999 727 1066 vel
751 1021 789 1064 61
813 998 917 1064 aliena
940 997 1013 1063 1666
1032 1001 1263 1064 vestimentum
1282 1000 1413 1076 fecerit,
1467 1051 1468 1070 ,

224 1103 279 1168 -uel
300 1125 336 1168 61
358 1103 469 1169 6116616
490 1105 608 1171 tabulis
628 1125 744 1170 navem
763 1104 817 1170 rel
837 1106 1013 1169 armarium
1032 1103 1086 1170 vel
1105 1104 1295 1170 subsellium
1316 1106 1414 1170 fabri·
1467 1097 1468 1156 ἶ

226 1212 356 1275 caverit.
404 1216 436 1274 et
461 1217 533 1296 post
554 1211 674 1277 multas
697 1209 944 1276 Sabinianorum
968 1216 1000 1274 et
1023 1209 1287 1276 Proculianorum
1311 1211 1414 1274 ambi·
1467 1211 1468 1274 l

226 1317 369 1402 gnitates
399 1316 521 1400 placuit
551 1318 659 1383 media
690 1318 848 1382 sententia
880 1317 1153 1393 existimantium,
1182 1319 1210 1380 si
1232 1337 1269 1381 ea
1293 1317 1414 1400 species

227 1419 267 1485 ad
300 1423 470 1486 materiam
504 1422 613 1488 reduci
647 1425 764 1508 possit,
797 1443 871 1486 eum
907 1421 1011 1487 videri
1042 1421 1208 1486 dominum
1240 1443 1324 1505 essa,
1357 1423 1415 1505 qui

222 1529 380 1591 ‘materiae
411 1527 560 1593 dominus
582 1528 702 1611 fuerat,
727 1529 840 1592 sinon
863 1529 962 1612 possit
985 1527 1111 1604 reduci,
1138 1548 1212 1592 eum
1236 1529 1346 1612 661166
1369 1529 1416 1590 16-

229 1629 342 1718 tellegi
376 1632 541 1697 dominum
575 1635 630 1719 qui
661 1633 784 1698 fecerit:
815 1638 852 1698 ut
874 1653 945 1697 6666
969 1652 1025 1697 vas
1051 1631 1221 1697 condatum
1245 1637 1352 1717 potest
1376 1631 1416 1697 ad

226 1737 342 1800 rudem
367 1758 506 1804 massam
530 1742 610 1806 aeris
633 1738 686 1806 vel
709 1740 834 1826 argenti
858 1737 911 1805 vel
934 1740 1003 1803 auri
1023 1738 1148 1815 reduci,
1171 1740 1284 1802 vinum
1304 1745 1416 1803 autem

229 1846 287 1906 aut
317 1842 425 1907 oleum
457 1850 513 1909 aut
544 1845 742 1910 frumentum
766 1844 806 1909 ad
829 1865 909 1910 uvas
933 1847 966 1907 61
989 1843 1091 1909 olivas
1114 1848 1146 1907 et
1170 1846 1273 1928 spicas
1297 1847 1413 1910 revert'

229 1966 293 2011 non
323 1953 427 2032 potest
458 1971 494 2015 66
524 1971 563 2016 66
595 1949 738 2015 61616616
771 1949 902 2034 quidem
933 1950 972 2014 ad
1002 1952 1117 2015 vinum
1147 1953 1179 2013 61
1206 1949 1274 2014 6161
1297 1949 1416 2016 resolvi
1468 2025 1469 2040 χ

229 2057 346 2136 661661.
382 2053 493 2138 quodsi
510 2058 628 2141 partim
650 2077 689 2120 61
708 2076 766 2120 666
785 2056 937 2137 16616116,
958 2057 1077 2140 6611116
1097 2075 1136 2118 61
1155 2053 1258 2119 611666
1277 2057 1415 2140 66661661

226 2156 371 2243 aliquam
404 2160 515 2226 fecerit
548 2164 699 2246 quisque,
731 2160 835 2226 veluti
866 2181 904 2242 61
936 2180 993 2225 666
1023 2162 1098 2227 1166
1132 2164 1163 2225 61
1190 2159 1294 2226 611666
1317 2161 1414 2226 616116
1468 2191 1469 2194 “

233 2264 377 2329 16616616
408 2272 464 2331 661
496 2289 534 2333 61
565 2269 631 2332 6616
661 2271 694 2331 61
724 2265 837 2331 6116616
858 2265 1101 2330 medicamentis
1125 2264 1339 2351 emplastrum
1363 2271 1416 2332 661

229 2367 404 2456 collyrium
430 2377 487 2437 aut
510 2395 549 2438 61
574 2393 631 2437 666
655 2369 1301 2446 61611666166616611166616611666111,
1325 2373 1415 2438 dubi-

230 2476 367 2541 tandum
389 2497 452 2542 non
476 2483 524 2544 est
546 2477 606 2543 hoc
630 2498 705 2542 6666
729 2497 804 2541 6661
829 2496 895 2540 6666
918 2476 1087 2541 dominum
1110 2479 1165 2561 qui
1187 2476 1315 2542 fecerit:
1342 2500 1415 2543 cum

232 2600 295 2646 11611
326 2582 432 2647 solum
464 2605 592 2670 operam
624 2603 716 2648 suam
741 2582 842 2659 dedit,
869 2581 924 2646 sed
947 2587 979 2646 et
1001 2586 1125 2667 partem
1149 2582 1292 2647 eiusdem
1315 2589 1415 2650 mate-

231 2688 298 2752 riae
320 2690 505 2773 praestavit.
553 2686 589 2753 81
611 2692 720 2752 166166
743 2686 878 2751 61166616
901 2707 1077 2772 purpuram
1098 2689 1168 2772 quis
1190 2689 1333 2754 intexuit
1356 2709 1442 2755 66616

233 2795 439 2871 16611166616,
471 2793 549 2859 11661
578 2794 745 2878 pretiosior
775 2797 822 2856 661
843 2812 1002 2877 6616616,
1027 2795 1213 2858 accessionis
1236 2796 1307 2860 vioe
1332 2796 1414 2862 cedit
1469 2875 1470 2880 ἵ

228 2900 442 2964 vestimento:
478 2903 509 2989 61
541 2900 597 2984 qui
628 2898 776 2963 dominus
803 2896 867 2961 fuit
888 2918 1063 2982 purpurae,
1088 2898 1238 2964 adversus
1260 2920 1337 2964 eum
1361 2905 1414 2986 qui
1469 2885 1470 2972 l

228 3003 393 3087 subripuit
423 3003 520 3069 habet
550 3005 629 3069 furti
657 3005 813 3068 actionem
844 3007 876 3068 et
907 3002 1153 3082 condictionem,
1187 3006 1255 3070 sive
1277 3007 1347 3090 1666
1369 3011 1414 3071 est

228 3109 289 3192 qui
319 3111 550 3174 vestimentum
579 3109 672 3184 fecit,
705 3109 773 3174 sive
804 3106 896 3172 alius.
951 3132 1032 3176 nam
1058 3109 1233 3180 6111661116
1261 3109 1423 3181 16611661

224 3217 405 3290 vindicari
432 3220 688 3318 nonpossint,
714 3215 856 3290 condici
881 3228 999 3289 16111611
1025 3246 1045 3290 6
1071 3220 1316 3294 16111166616
1343 3224 1415 3320 qui·

228 3327 380 3401 busdam
416 3331 495 3405 aliis
520 3329 785 3431 possessoribus
810 3342 968 3428 possunt
1016 3331 1052 3399 Si
1088 3335 1224 3402 duorum
1258 3339 1441 3402 1661611666

230 3464 272 3510 61
294 3445 459 3514 voluntate
484 3448 686 3514 dominomm
709 3444 856 3511 confusae
880 3448 961 3524 sint,
987 3449 1093 3512 totum
1117 3448 1151 3513 id
1175 3470 1306 3534 corpus,
1333 3450 1412 3536 quod

230 3570 271 3615 61
306 3550 486 3619 confusione
516 3551 569 3630 fit,
598 3553 765 3635 utriusque
797 3571 966 3619 commune
998 3557 1060 3630 est,
1084 3553 1190 3618 veluti
1212 3557 1240 3618 si
1263 3557 1320 3639 qui
1341 3558 1413 3622 vina

231 3677 290 3722 666
313 3657 511 3726 confuderint
534 3663 733 3724 6611666666
757 3659 882 3743 argenti
902 3656 1045 3723 velauri
1068 3659 1282 3726 confleverint.
1314 3662 1370 3727 sed
1388 3664 1412 3726 si

233 3761 376 3828 diversae
405 3764 556 3828 materiae
588 3762 653 3826 sint
676 3765 707 3826 61
731 3763 770 3827 ob
794 3761 829 3826 id
852 3765 978 3847 propria
1002 3766 1122 3848 6666166
1145 3765 1229 3830 16616
1252 3768 1313 3845 611,
1338 3767 1413 3832 16116

225 3887 270 3933 61
300 3871 377 3934 vino
408 3873 440 3932 et
467 3865 563 3934 1116116
593 3865 737 3932 16616616
768 3873 824 3932 661
856 3889 895 3933 61
925 3889 1001 3934 6616
1034 3873 1066 3934 61
1089 3873 1221 3957 argento
1245 3870 1410 3950 electrum,

215 4025 420 4043 Μ

265 4098 294 4172 1)
314 4099 355 4154 cf.
377 4098 526 4170 (161119,
546 4102 665 4170 atquae
685 4099 726 4155 ibi
743 4100 977 4158 adnotaverimus.
