2934 4608
56 4 59 9 ’
185 3 250 72 104
582 19 665 70 ruer.
723 51 730 68 .
754 20 822 66 rna.
848 2 886 85 §§
904 29 912 58 ·
927 49 935 80 ,
953 0 981 68 1

145 237 150 277 ·.
180 187 386 263 hereditatis
411 201 569 287 tempore
593 188 746 282 latebat,
768 189 982 260 emersisset.
1028 190 1083 257 sed
1102 191 1162 258 boc
1182 191 1275 258 divtis
1293 195 1360 278 qui-

181 305 255 372 dem
271 304 454 372 Hadrianus
472 306 603 390 speciali
622 301 773 370 beneficio
788 285 925 368 'cuidem
944 306 1120 388 praest'tit:
1142 304 1237 371 divus
1256 311 1362 371 autern

182 410 362 480 Gordianus
392 416 500 497 postea
531 414 565 480 in
596 411 758 478 militibus
789 410 1012 475 tantummodo
1040 409 1100 475 hoc
1124 411 1283 475 extendit:
1308 411 1407 495 sed(o)

181 523 289 584 nostra
318 516 538 583 benevolentia
560 535 729 583 commune
752 515 901 582 omnibus
923 515 1075 581 subiectis
1098 517 1235 608 imperio
1258 525 1363 581 nostro

118 661 119 664 =
183 623 243 688 boc
274 625 449 708 praestavit
480 622 668 690 beneficium
701 627 734 686 et
764 622 1024 688 constitutionem
1047 626 1115 687 tam
1139 623 1366 706 aequissimam

182 749 278 814 qnam
300 729 441 795 nobilem
464 732 607 814 scripsit,
631 729 722 794 ouius
741 731 882 792 tenorem
900 729 928 792 si
947 727 1185 794 observaverint
1203 728 1365 805 homines,

157 834 258 900 lieet
288 837 333 900 eis
363 834 449 899 adire
479 835 689 903 hereditatem
720 838 752 902 et
780 835 815 898 in
845 837 973 900 tantum
1003 835 1121 909 teneri,
1152 835 1367 917 inquantum

181 939 287 1006 valere
316 941 399 1009 bona
428 939 613 1008 hereditatis
644 941 819 1026 contingit:
844 945 881 1003 ut
904 960 943 1006 ex
965 940 1024 1006 hac
1049 953 1144 1006 cause
1164 960 1265 1025 neque
1289 939 1370 1005 deli·

181 1047 352 1118 berationis
383 1044 543 1111 auxilium
574 1048 620 1112 eis
651 1043 706 1110 fiat
735 1046 965 1130 necessarium,
997 1048 1060 1111 nisi
1084 1047 1199 1111 omissa
1222 1047 1369 1112 observa

181 1153 267 1216 tione
298 1156 423 1217 nostrae
455 1152 690 1219 constitutionis
721 1157 752 1216 et
782 1149 1023 1220 deliberandum
1055 1153 1311 1217 existimaverint
1337 1157 1370 1216 et

183 1277 250 1322 sese
291 1259 393 1323 veteri
428 1258 610 1343 gravamini
645 1255 795 1324 editionis
829 1277 1004 1342 supponere
1039 1255 1223 1324 maluerint.
1271 1255 1391 1326 lbemr

181 1377 366 1445 extranens
400 1364 504 1436 heres
534 1375 743 1438 testamento
769 1367 950 1437 institutus
975 1377 1035 1438 ant
1060 1365 1105 1439 ab
1130 1369 1295 1438 intestato
1324 1368 1372 1440 ad

145 1539 147 1544 .
177 1479 374 1579 legitimam
399 1477 630 1554 hereditatem
655 1489 802 1551 vocatus
828 1489 946 1578 potest
971 1490 1032 1551 aut
1055 1507 1121 1578 pre
1145 1479 1276 1552 herede
1302 1508 1371 1581 ge-

181 1591 295 1665 rendo
325 1591 383 1663 vel
416 1593 521 1663 etiam
558 1592 651 1664 nude
684 1593 866 1665 voluntate
891 1592 1137 1689 suscipiendae
1161 1592 1373 1666 hereditatis

179 1703 283 1777 heres
308 1703 398 1774 fieri.
437 1727 494 1791 pro
525 1707 639 1772 herede
671 1713 780 1773 autern
810 1727 920 1796 gerere
952 1711 1023 1794 quis
1054 1707 1197 1793 videtur,
1222 1712 1250 1774 si
1273 1711 1371 1776 rebus

182 1819 383 1884 hereditariis
404 1823 569 1903 tamqnam
592 1819 682 1884 heres
703 1825 815 1884 utatur
837 1820 890 1886 vel
909 1819 1072 1886 vendendo
1092 1843 1140 1886 res
1160 1821 1372 1888 hereditarias

184 1932 240 1990 aut
253 1951 255 1956 ·
270 1925 399 2010 praedia
431 1923 559 1991 colendo
590 1925 763 1991 locandove
793 1931 824 1990 et
848 1946 974 2011 quoquo
998 1927 1092 1992 modo
1116 1929 1143 1992 si
1165 1927 1370 1994 voluntatem

183 2051 273 2095 snam
306 2031 443 2096 declaret
473 2031 526 2096 vel
556 2052 591 2096 re
615 2031 667 2096 vel
689 2032 796 2097 verbis
820 2031 857 2096 de
883 2032 1026 2097 adeunda
1054 2033 1248 2110 hereditate,
1276 2035 1370 2099 dnm-

165 2137 278 2201 'modo
308 2139 387 2200 sciet
418 2157 511 2214 eum,
539 2139 573 2201 in
604 2139 695 2202 cuins
724 2138 815 2204 bonis
839 2158 894 2223 pro
917 2139 1031 2204 herede
1054 2141 1155 2225 gerit,
1181 2144 1298 2205 testato
1321 2143 1369 2204 in·

182 2246 338 2308 testatore
361 2243 475 2308 obiisse
500 2248 531 2308 et
555 2264 587 2309 se
612 2245 640 2308 ei
663 2242 810 2308 heredem
835 2264 912 2309 esse.
948 2264 1004 2330 pro
1023 2245 1137 2310 herede
1157 2246 1243 2309 enim
1257 2267 1368 2332 gerere

103 2353 121 2391 ·'
183 2352 231 2412 est
253 2368 308 2432 pro
332 2348 461 2414 domino
484 2367 611 2436 gerere:
635 2357 758 2416 veteres
780 2349 865 2414 enirn
886 2351 1016 2416 heredes
1035 2371 1091 2436 pro
1111 2352 1249 2417 dominis
1262 2354 1370 2440 appel·

182 2453 302 2520 labant.
1022 2463 1024 2470 “
