3024 4574
75 133 76 138 Ἰ
202 45 245 112 14
300 117 303 123 ,
605 65 689 116 1usu.
701 47 727 114 Ι.
751 47 963 137 v.pr.§l,2.

199 237 271 303 iuro
293 238 440 325 gentium
463 239 526 303 tris
547 243 664 324 genere
685 237 854 304 hominum
877 259 944 304 esse
962 243 1147 326 coeperunt,
1166 236 1261 302 liberi
1280 240 1312 302 et
1332 237 1384 302 his

199 345 396 408 contrarium
426 345 511 411 servi
538 348 570 409 et
593 345 727 409 tertium
749 365 851 432 genus
873 343 1035 421 libertini,
1057 345 1113 430 qui
1136 343 1293 409 desierant
1316 363 1387 409 ossc

199 450 296 514 servi.
341 447 459 516 Multis
477 454 586 516 eutem
608 449 713 516 modis
734 451 944 515 manumissio
965 449 1124 535 procedit:
1147 453 1205 514 eut
1227 450 1314 514 enim
1337 457 1380 516 ox'
1401 472 1413 515 ι

198 556 297 620 sacris
328 555 609 621 constitutionibus
633 557 667 621 in
691 557 895 621 sacrosanctis
919 556 1060 621 ecclesiis
1083 559 1139 621 eut
1162 555 1303 621 vindicte
1327 561 1384 621 sut

200 661 285 726 inter
303 662 422 727 amicos
445 665 580 746 culpor
603 660 775 747 epistulam
796 665 852 727 eut
873 682 930 747 por
952 665 1182 727 testamentum
1206 664 1261 726 aut
1285 659 1383 726 aliem

201 765 379 852 quamlibet
400 765 553 832 ultimam
575 767 783 835 voluntatem.
815 767 870 833 sed
893 774 925 833 et
944 766 1017 833 eliis
1037 767 1152 833 multis
1169 767 1273 832 modis
1289 765 1384 832 liber-

172 919 173 924 1
201 876 250 937 tos
273 892 363 938 servo
386 877 563 958 competere
585 878 706 958 potest,
730 875 786 959 qui
811 880 879 938 tem
902 893 941 938 ex
964 872 1125 939 veteribus
1148 893 1245 958 quom
1268 874 1407 958 nostris*

199 978 481 1044 constitutionibus
503 979 677 1044 introducti
700 983 784 1045 sunt.
832 975 935 1048 Servi
960 1001 1045 1048 vero
1065 1002 1085 1047 a
1109 975 1262 1048 dominis
1285 1001 1418 1048 sem-e

90 1085 91 1090 ’
205 1113 270 1184 per
303 1089 498 1160 manumitti
535 1086 671 1160 solent:
697 1086 787 1160 odeo
813 1100 852 1161 ut
878 1089 933 1161 vel
958 1089 995 1159 in
1020 1089 1174 1161 mausitu
1195 1090 1385 1160 manumit-

197 1210 336 1294 tantur,
367 1201 476 1273 veluti
511 1228 590 1274 cum
622 1213 765 1299 praetor
794 1213 854 1274 aest
878 1200 1071 1302 proconsul
1099 1213 1160 1274 cut
1181 1227 1325 1300 praeses
1348 1201 1386 1271 in

197 1310 365 1386 balneum
390 1313 448 1386 vel
473 1315 510 1384 in
536 1313 711 1386 theatrum
738 1325 806 1387 ent.
875 1337 877 1346 ’
