3024 4574
537 93 592 144 cu
613 77 637 142 1.
663 79 698 163 es
723 77 866 146 sc-su
952 147 955 154 ,
1030 29 1032 34 ’
1221 80 1290 148 sss

20 263 99 353 (535)
114 262 139 347 1)
161 269 185 340 †
209 264 303 330 detur
338 281 522 351 quocunque
560 267 652 330 modo
686 269 736 331 ius
767 269 936 352 quiritium
967 270 1064 334 fuerit
1098 276 1283 337 consecutus
1294 269 1389 350 ssue9

113 369 136 457 ²)
161 376 187 446 †
209 373 243 434 iu
266 372 356 436 bouis
379 377 411 436 et
434 391 473 436 ex
495 374 564 436 iure
588 373 758 457 quiritium
780 373 823 437 sit
845 375 1070 452 manumissus,
1092 375 1098 458 Ι
1119 376 1158 440 eh
1171 376 1318 442 eedemu
1351 358 1423 446 ΒΨ)

112 474 234 542 seilicet
257 483 289 543 et
310 476 429 544 latinus
451 475 520 542 ficri*
541 481 645 560 potest
667 482 699 542 et
718 475 724 564 )
744 479 795 542 ius
817 479 986 562 quiritium
1009 483 1165 566 consequi.
1259 483 1266 568 1
1309 503 1333 550 u

8 579 141 669 §36,37)
167 579 251 652 Non
275 592 391 653 tumen
414 581 610 677 cuicunque
631 579 765 652 volenti
778 583 1022 654 manumittere
1033 582 1136 672 licet3
1149 611 1233 658 uem
1247 586 1294 676 (se,
1307 585 1345 675 ss)
1372 587 1398 675 ⁸)

110 693 140 763 is
170 694 235 791 qui
257 699 291 761 in
313 695 457 761 fraudem
481 693 673 761 creditorum
696 695 749 762 vei
773 697 807 762 in
830 695 975 764 fraudem
999 700 1127 782 petroni
1148 698 1154 786 Ι
1173 721 1285 766 meuu-
1306 720 1331 765 u

109 809 230 885 mittit,
262 806 345 873 nihil
374 807 459 894 sgit3
492 805 567 889 quie
596 803 649 871 lex
672 804 765 872 Aeliu
788 804 898 872 Sentis
919 797 1067 894 imipedit
1089 809 1281 877 libertatem.
1304 833 1332 877 se

138 2362 167 2430 ⁶)
187 2377 271 2432 »pug.
296 2361 415 2419 exterior
439 2363 552 2430 propter
578 2361 757 2419 eveuiduuum
781 2360 940 2416 litterarum
959 2363 1054 2416 tabem
1072 2362 1233 2438 difficillime
1251 2365 1291 2419 le·

98 2450 206 2522 gitur”.

139 2541 169 2609 1)
188 2539 269 2594 Hunc
288 2543 305 2610 ᾖ
326 2539 479 2596 restituisse
499 2539 552 2594 sibi
571 2539 646 2594 visus
664 2542 708 2594 est
726 2537 856 2594 Huschke
873 2556 907 2594 ex
924 2540 1069 2596 verborum
1085 2539 1208 2610 laciniis,
1223 2559 1292 2612 quus

98 2628 278 2684 studemund
301 2629 431 2696 tradidit,
459 2628 482 2684 si
506 2646 563 2684 uon
586 2629 671 2684 verbu
695 2631 794 2693 tenus,
818 2630 943 2684 uttemeu
971 2629 1012 2684 »si
1030 2629 1198 2687 sententium
1217 2647 1293 2701 spec·

97 2718 165 2772 Μ’
190 2719 252 2789 (Η.)
275 2717 329 2776 ssd
356 2736 451 2774 vereor
469 2722 502 2773 ut
520 2719 582 2773 eliis
601 2718 767 2788 persuadeat
785 2718 819 2773 V.
840 2718 881 2772 Ol.
901 2737 963 2772 cum
983 2720 1104 2790 exempli
1121 2739 1162 2792 gr.
1181 2737 1207 2776 v.
1227 2723 1246 2776 4
1264 2725 1295 2778 et

99 2808 133 2873 5,
165 2807 212 2860 ubi
241 2810 306 2878 post
334 2809 406 2864 circe
432 2808 577 2864 duodecim
601 2809 710 2863 litteras
729 2807 876 2874 evanidus,
897 2808 970 2863 eruit
988 2808 1028 2864 St.
1050 2809 1178 2866 »lutiuor'
1198 2813 1293 2868 mmsis

98 2897 206 2952 133¹*ssssss
236 2895 375 2967 fassitffssll
392 2898 455 2930 “ss
467 2899 531 2931 ΜΗ·
542 2899 605 2931 Μ*
616 2900 647 2931 ἢ*
676 2915 724 2952 um
744 2897 889 2953 consilium
1239 2901 1255 2925 'i
1271 2906 1277 2972 1

98 3007 141 3061 sic
176 3005 302 3062 restituit
325 3009 462 3064 »minores
487 3008 604 3079 triginta
629 3025 757 3062 anuorum
784 3009 947 3063 manumissi
975 3013 1000 3064 si
1027 3012 1106 3065 latui
1126 3013 1202 3082 facti
1229 3013 1295 3066 sunt

98 3095 177 3166 quod
196 3096 271 3150 inter
287 3098 389 3153 amieos
406 3115 489 3153 ceusu
507 3099 580 3168 apud
602 3097 747 3152 consilium
766 3096 911 3166 probatas*
941 3099 1001 3154 Hoc
1020 3119 1107 3154 uuum
1126 3103 1232 3156 certum
1251 3103 1295 3156 est

98 3203 136 3240 ex
160 3204 187 3240 v.
218 3185 251 3251 9,
279 3187 341 3242 ubi:
370 3189 485 3253 Iusserat
507 3189 558 3256 (Ξ
576 3186 731 3254 iteraverit)
754 3186 897 3256 perspicue
916 3188 1031 3260 legitur,
1050 3193 1146 3246 ectum
1163 3207 1221 3246 esse
1240 3190 1294 3246 hoc

98 3277 164 3331 loco
183 3274 219 3328 de
238 3277 371 3332 iteratione
391 3277 424 3332 de
444 3293 499 3346 qus
518 3277 582 3346 Ulp.
601 3275 652 3330 111.
673 3277 689 3345 fi
709 3276 734 3328 4.
756 3275 924 3332 »Iteruticne
942 3278 976 3334 iit
994 3295 1018 3334 e.
1035 3280 1069 3334 R.
1084 3279 1133 3350 qui
1149 3283 1214 3350 post
1228 3281 1295 3336 leu-

98 3367 238 3432 nitatem,
260 3382 344 3433 quum
361 3370 521 3436 acceperut,
541 3365 629 3419 maior
646 3364 764 3436 triginta
780 3382 930 3434 annorum,
949 3367 1052 3423 iterum
1062 3369 1135 3425 iuste
1144 3370 1295 3424 manumis-

98 3475 150 3510 sus
176 3458 219 3510 est
245 3456 281 3510 ub
307 3473 353 3521 eo,
377 3455 455 3510 cuius
474 3471 509 3510 ex
527 3452 586 3508 iure
605 3453 750 3524 quiritium
770 3471 864 3510 servus
883 3455 945 3512 fuit.
975 3457 1029 3512 Sed
1048 3459 1114 3514 huic
1134 3476 1295 3515 concessum

97 3549 198 3601 estex
219 3545 460 3600 senatusconsulto
480 3545 566 3598 etiem
586 3543 679 3598 liberis
699 3544 741 3597 ius
758 3540 902 3614 quiritium
924 3547 1081 3617 consequi.”
1100 3547 1184 3604 Gaius
1200 3552 1296 3606 eutem

99 3636 189 3691 etiam
215 3636 291 3691 hune
317 3653 412 3690 cesum
437 3632 598 3705 perpendit,
618 3649 672 3702 quo
692 3649 801 3698 servus,
820 3633 869 3704 qui
888 3634 1003 3690 ulterius
1022 3652 1057 3691 ex
1075 3637 1134 3694 iure
1149 3639 1295 3709 quiritium

70 3741 81 3747 ··
101 3725 206 3790 fuerit,
224 3725 339 3780 alterius
356 3723 385 3778 iu
401 3723 481 3778 bonis
502 3721 549 3792 (cf.
568 3722 592 3776 1.
610 3725 626 3791 ἕ
641 3723 685 3776 54.
702 3723 738 3776 ΙΙ.
749 3725 765 3792 fl
777 3723 852 3794 140.)
871 3724 906 3779 eb
922 3724 975 3780 hoc
993 3726 1052 3781 solo
1062 3729 1246 3784 manumissus
1259 3729 1296 3784 sit
1379 3748 1381 3752 ’

101 3814 152 3886 (ci
176 3815 251 3870 infre
275 3815 297 3869 I.
323 3814 434 3885 §leet
452 3831 516 3868 uem
535 3829 590 3868 v.v.
611 3813 659 3877 10,
680 3813 712 3866 11
740 3830 795 3868 uon
819 3815 933 3870 obscure
953 3816 1069 3888 legitur:
1090 3819 1212 3874 »latinus
1231 3819 1297 3890 quie

101 3923 121 3960 a
144 3909 173 3961 te
193 3905 252 3960 solo
271 3905 330 3960 fieri
349 3905 470 3976 potest''.

143 3995 173 4066 2)
193 3995 277 4050 »ente
296 3977 323 4048 iu
343 3995 415 4048 bouis
432 3991 543 4048 litteras
562 4003 586 4046 et
604 3993 731 4047 excretus
752 3991 836 4048 tuisse
855 3994 912 4049 veri
934 3993 1068 4052 dissimile
1087 3999 1177 4054 visum
1197 3999 1267 4055 est''.

144 4084 173 4156 3)
192 4083 358 4140 rubricatori
377 4081 510 4138 destinati
529 4083 610 4160 erent
628 4096 730 4137 versus.
