2880 4614
460 30 529 78 ιιι
551 11 607 79 ΠΙ.
632 10 823 96 §ser-rs.
1178 13 1241 78 ιιι

67 201 150 266 toris
169 202 354 266 auctoritate
374 203 499 268 condere
517 209 713 279 incremento,
731 201 883 285 prosperii
896 203 939 290 (?)
962 204 968 287 Ι
987 208 1025 267 ut
1045 224 1102 288 pro
1113 223 1244 268 numero
1257 225 1291 278 ιι,
1305 225 1330 268 ιι

67 306 247 384 liberorum⁸
269 331 340 394 quoe
370 309 478 373 liberta
500 309 602 373 mortis
624 311 762 393 tempolre
785 309 952 388 habuerit,
978 308 1081 376 virilis
1104 330 1176 394 pars
1195 330 1249 395 pa·
1261 332 1285 374 ιι

69 416 163 478 trono
190 414 357 492 debeatur,
389 415 492 511 eilque
510 436 548 480 ex
568 414 659 480 bonis
679 417 763 492 eius,
784 435 864 498 quae
885 417 991 481 omnia
1007 421 1031 492 †
1048 416 1119 481 ideo
1136 416 1216 480 iuris
1237 417 1242 499 Ι
1264 437 1288 480 ιι

67 525 93 595 †
115 520 119 602 Ι
140 525 163 596 †
186 521 225 584 ad
247 526 415 606 patronum
437 522 574 606 pertinet
603 523 626 606 ).
649 522 653 604 Ι
1240 521 1287 607 (ιι,
1301 524 1350 605 ιι),
1364 544 1389 587 ιι

5 621 28 702 1)
117 623 204 705 Quae
234 626 375 691 diximus
406 627 444 692 de
471 632 603 713 patrono
636 627 745 692 eadem
776 625 1001 714 intellegemus
1034 633 1065 693 et
1086 630 1092 712 Ι
1113 628 1150 692 de
1181 625 1247 692 filio
1260 650 1294 706 ιι,
1308 649 1334 693 ιι

69 734 215 816 patroni,
239 735 319 798 item
343 733 381 798 de
402 739 512 817 nepote
531 757 567 798 ex
588 731 671 810 filie,
695 731 873 819 pronepolte
890 755 926 796 en
939 734 964 817 ²)
982 741 1084 818 nepote
1091 735 1166 816 filio
1177 740 1251 799 nato
1264 756 1289 798 ιο

5 834 30 916 1)
70 842 232 922 propnato.
278 837 361 903 Filia
390 860 465 906 vero
494 837 630 928 patrolni
660 841 732 904 item
761 839 858 922 neptis
889 859 927 903 ex
951 837 1017 906 filio
1041 845 1073 904 et
1095 840 1253 926 proneptis
1263 861 1288 905 ιι

71 967 109 1007 eo
129 950 241 1029 nepote
260 941 326 1008 filio
348 943 353 1031 Ι
373 950 446 1012 nato
464 954 618 1034 prognata
637 946 715 1011 olim
735 945 857 1031 quidem
876 945 991 1032 [hebuit
1009 947 1102 1029 idem]
1118 947 1254 1032 iucqcod
1264 969 1290 1011 ιι

71 1051 152 1131 613)
180 1052 250 1138 lege
280 1049 342 1114 XII
365 1050 549 1118 tabularum
569 1053 574 1137 Ι
596 1059 726 1137 patrono
752 1052 862 1116 datum
886 1057 950 1115 est:
976 1057 1101 1138 praetor
1124 1057 1289 1141 *autemus

73 1162 169 1222 vocat
197 1160 326 1222 tantum
355 1156 525 1223 masculini
549 1159 662 1224 sexus*
683 1157 687 1247 Ι
708 1163 913 1245 patronorum
936 1156 1072 1243 liberpos
1095 1159 1134 1223 ad
1157 1158 1250 1224 bono·
1264 1179 1291 1223 ss

73 1284 149 1328 rum
180 1265 421 1347 possessionem:
455 1263 512 1330 illa
542 1285 617 1330 vero
647 1269 685 1329 ut
708 1268 816 1330 contra
839 1262 1025 1347 tabulas*⁴)
1051 1265 1257 1344 testattmenti
1305 1261 1369 1328 138

73 1367 184 1434 liberti
213 1367 292 1456 [ant]
305 1368 333 1456 ⁵)
356 1370 395 1434 ab
419 1371 569 1437 intestato
594 1375 702 1436 contra
725 1369 830 1435 filium
850 1369 1281 1462 adoptitrumveluxoreme
1321 1353 1393 1441 ⁷⁹⁸'*)

72 1496 248 1553 nurumve,
272 1478 409 1560 quaein
433 1497 532 1542 manu
555 1478 671 1555 suerit,
694 1478 849 1544 bonorum
868 1479 1097 1557 possessionem
1118 1477 1123 1563 Ι
1144 1481 1232 1560 petat
1245 1497 1280 1552 ,e

73 1585 176 1647 trium
205 1581 379 1648 liberorum
410 1585 479 1648 iure
511 1583 583 1671 lege
613 1583 713 1668 Papia
742 1581 1179 1667 consequitur31aliterhoc
1204 1584 1281 1646 iuss

5 1685 36 1772 7)
78 1708 144 1752 non
166 1687 272 1753 habet.
320 1686 383 1753 Sed
405 1694 443 1753 ut
465 1710 504 1753 ex
527 1690 618 1755 bonis
640 1688 774 1770 libertae
797 1691 954 1776 teistatae,
976 1693 1125 1773 quattuor
1142 1687 1281 1753 libeross

74 1792 225 1860 habentis
247 1794 352 1860 virilis
375 1815 447 1880 pars
471 1798 501 1860 ei
524 1795 707 1888 deibeatur,
729 1815 768 1860 ne
779 1793 952 1860 liberorum
965 1794 1094 1878 quidem
1105 1797 1175 1858 iure
1187 1814 1282 1859 con-c

78 1903 244 1986 sequitur,
266 1901 271 1987 Ι
291 1906 329 1965 ut
356 1901 485 1986 quidam
514 1906 648 1987 putant,
672 1901 726 1966 sed
750 1902 916 1986 1111111111),
939 1903 1091 1966 intestata
1110 1900 1225 1966 liberta
1246 1901 1249 1986 Ι
1270 1921 1283 1965 r

76 2013 223 2085 mortua,
251 2008 348 2074 verba
377 2007 459 2096 legis
489 2007 608 2094 Papiae
637 2008 774 2084 faciunt,
798 2013 836 2073 ut
860 2009 889 2072 ei
912 2005 1017 2073 virilis
1039 2027 1111 2092 pars
1133 2007 1317 2096 dathes-sm

78 2119 135 2178 tur
142 2133 150 2192 ;
172 2114 211 2192 ,si
240 2134 315 2179 vero
346 2119 537 2182 testamento
567 2115 650 2180 facto
683 2121 810 2179 mortua
834 2116 876 2181 sit
898 2111 1032 2187 liberta,
1057 2112 1121 2178 tale
1144 2115 1206 2211 itus
1229 2113 1258 2176 ei
1271 2134 1295 2176 ιο

78 2221 191 2304 datur,
221 2220 314 2306 quale
346 2221 458 2286 datum
489 2227 536 2287 est
560 2225 668 2286 contra
690 2220 815 2286 tabulas
839 2217 1034 2298 testamenlti
1056 2218 1255 2302 liberti†⁷):
1272 2240 1293 2283 ιι

79 2326 115 2390 id
139 2331 202 2402 est,
227 2327 320 2412 quale
344 2333 374 2393 et
398 2326 502 2394 virilis
525 2348 618 2393 sexus
635 2331 842 2413 patronorum
864 2327 868 2413 Ι
888 2325 982 2390 liberi
1002 2332 1109 2390 contra
1133 2325 1258 2390 tabulas
1271 2345 1296 2389 ιι

78 2434 265 2499 testamenti
294 2433 403 2500 liberti
431 2434 566 2499 habent:
589 2436 595 2518 Ι
615 2435 763 2519 quamvis
792 2453 906 2518 parum
937 2430 1108 2518 diligenter
1129 2452 1165 2496 ea
1187 2452 1259 2516 pars
1271 2453 1296 2495 ιι

6 2541 34 2628 3)
76 2540 160 2628 legis
193 2542 310 2626 scripta
329 2542 335 2625 Ι
355 2543 407 2605 sit.
455 2539 504 2605 Ex
534 2539 585 2604 his
617 2545 747 2625 apparet
777 2544 939 2604 entraneos
962 2537 1091 2603 heredes
1114 2541 1258 2623 patrono·
1271 2557 1296 2602 ιι

77 2668 151 2712 rum
171 2645 177 2732 Ι
197 2646 292 2734 longe
319 2651 458 2714 remotos
490 2667 551 2714 ecce
580 2647 618 2712 ab
643 2649 730 2712 omni
758 2666 793 2712 so
823 2648 910 2723 iure,
943 2643 1026 2730 quod
1058 2642 1111 2710 vel
1139 2645 1173 2708 in
1204 2643 1258 2720 irc-l
1273 2665 1298 2708 ιι

111 2910 136 2983 1)
158 2907 229 2964 Dedi
245 2925 316 2979 quae
332 2908 389 2982 legi
406 2915 531 2982 possunt.
551 2909 624 2978 Quid
638 2907 1004 2984 legendumsitnesci0.Kr.
1017 2911 1269 2984 (averserisque

73 3015 107 3054 ex
126 2998 206 3055 bonis
225 2999 298 3065 eius,
318 3019 389 3070 quae
409 3013 509 3057 cenum
529 3005 603 3056 milia
623 3003 813 3058 sestertiorum
828 3001 954 3074 plurislve
974 2997 1118 3073 reliquerit
1137 3002 1269 3072 patrimo-

74 3090 152 3145 nium
180 3089 202 3145 si
228 3093 429 3147 testamentum
455 3090 552 3146 lecerit
569 3094 573 3160 Ι
590 3090 707 3146 dimidia
732 3111 796 3164 pars
823 3094 971 3162 debeatur,
999 3095 1022 3150 si
1047 3110 1112 3148 vero
1134 3093 1269 3148 intestata
1321 3135 1327 3147 .

74 3175 178 3236 liberte
199 3180 317 3236 decessit
335 3185 418 3252 total
435 3180 574 3237 hereditas
594 3181 630 3235 ad
650 3185 703 3238 cto.

112 3272 141 3344 2)
161 3272 214 3326 Pro
234 3290 264 3326 ec
283 3273 396 3328 videtur
413 3271 443 3327 in
463 3271 530 3328 eod.
551 3270 635 3326 fuisse
651 3277 716 3345 pra

113 3363 142 3433 3)
166 3362 234 3416 Olim
261 3363 363 3434 quidem
387 3366 500 3419 tantum
523 3379 579 3417 non
597 3363 627 3416 in
647 3363 712 3419 Cod.
732 3362 875 3434 perspicue
894 3365 1034 3436 leguntur.
1073 3364 1189 3419 Caetera
1207 3378 1271 3416 cum

74 3456 326 3522 praemonstrasset
346 3451 420 3508 viam
439 3451 587 3508 Goudsmit
606 3469 640 3508 ex
660 3453 819 3509 coniectura
838 3471 900 3509 mea
919 3455 1039 3509 restitui.

113 3543 143 3614 4)
163 3542 250 3598 Paulo
277 3543 377 3598 recessi
404 3545 439 3598 ab
465 3542 602 3609 lectione,
628 3560 714 3613 quam
738 3545 792 3599 Hia
811 3544 911 3610 habet,
930 3561 985 3613 quo
1005 3544 1125 3614 pressius
1145 3558 1272 3612 sequerer

75 3631 195 3704 vestigia
214 3631 387 3689 schedarum.
876 3629 882 3640 '

114 3725 142 3793 *Ι
162 3739 244 3794 ›pag.
269 3723 389 3778 exterior
413 3741 447 3779 ex
477 3726 556 3794 parte
576 3719 736 3778 difficillime
755 3722 873 3794 legitur;
893 3740 1023 3779 veuuum
1043 3724 1074 3790 9,
1097 3724 1146 3789 lo,
1166 3723 1217 3788 ll,
1238 3721 1273 3775 23

74 3811 161 3868 lectio
180 3813 332 3868 admodum
350 3814 459 3870 ineerta
478 3815 548 3870 est.''

114 3904 144 3975 5)
165 3903 305 3959 Huschke.

117 3995 147 4064 6)
168 3993 213 4049 e:
234 3996 339 4050 tamen.

118 4082 147 4156 ’1)
168 4083 307 4142 Excidisre
327 4084 457 4141 videntur
476 4081 562 4140 verba
581 4085 779 4152 »patronorum
798 4079 921 4137 liberis.”
