2894 4616
523 4 637 100 'soen
661 25 722 105 IV,
747 43 803 95 xv.
828 25 865 118 tt
889 22 987 94 1--t

230 1163 366 1230 Summe
384 1167 490 1228 autem
515 1161 632 1228 divisio
655 1160 900 1226 interdictorum
925 1160 1089 1240 beasset,
1110 1159 1377 1248 quodautprohi-

184 1270 301 1338 biteris
331 1274 406 1336 sunt
437 1272 493 1335 aut
515 1270 714 1334 restitutoria
737 1273 794 1333 aut
816 1266 1017 1334 exhibitoris.
1055 1268 1270 1354 prohibitoria
1293 1270 1376 1339 sunt,

186 1378 302 1463 quibus
332 1381 421 1444 vetat
444 1373 565 1460 aliquid
588 1371 670 1450 fieri,
698 1372 802 1440 veluti
825 1375 893 1440 vim
916 1374 985 1438 sine
1008 1375 1089 1440 vitio
1112 1373 1309 1461 possidenti,
1333 1370 1377 1437 vel

184 1487 350 1550 mortuum
378 1481 544 1565 inferenti,
570 1500 632 1565 quo
655 1481 760 1546 eiius
784 1481 846 1545 erit
868 1479 1042 1558 inferendi,
1066 1479 1120 1548 rel
1143 1483 1177 1545 in
1201 1479 1275 1546 loeo
1300 1499 1377 1544 snero

186 1587 364 1666 aedificari,
396 1587 448 1655 vel
471 1589 506 1652 in
529 1585 661 1652 flumine
685 1584 815 1673 pnblieo
837 1587 947 1671 ripave
970 1588 1040 1652 eius
1062 1587 1184 1674 aliquid
1209 1586 1299 1664 fieri,
1323 1605 1377 1670 qno

184 1695 276 1782 peius
299 1696 480 1784 navigetur.
514 1695 712 1760 restitutoria
732 1697 826 1770 sunt,
848 1693 965 1778 quibus
985 1695 1113 1760 restitui
1131 1695 1257 1781 aliquid
1278 1695 1376 1770 iubet,

184 1801 289 1870 veluti
320 1823 395 1868 oum
425 1803 582 1868 bonorum
604 1801 777 1887 possessori
800 1801 1031 1886 possessionem
1052 1823 1180 1886 eorum,
1205 1822 1292 1887 qnae
1315 1802 1378 1885 quis

186 1928 243 1994 pro
277 1906 393 1974 herede
421 1914 477 1974 aut
508 1929 565 1994 pro
595 1927 772 1994 possessore
803 1908 943 1992 possidet
975 1929 1014 1976 ex
1046 1931 1083 1976 es
1105 1909 1307 1986 hereditate,
1333 1911 1379 1972 sut

116 2075 129 2106 x
187 2033 263 2080 eum
293 2014 383 2079 iubet
415 2016 461 2091 ei,
493 2016 551 2100 qui
581 2017 616 2082 vi
647 2015 842 2100 possessione
872 2015 964 2081 fundi
994 2017 1136 2084 deiectus
1165 2017 1226 2100 sit,
1255 2014 1375 2080 restit‘

184 2121 424 2206 possessionem.
468 2122 660 2188 exhibitoria
683 2124 775 2198 sunt,
800 2141 856 2206 per
879 2141 960 2206 qnae
983 2125 1073 2190 iubet
1097 2121 1260 2199 exhiberi,
1283 2119 1377 2186 veluti

183 2247 274 2304 eum,
311 2228 403 2294 ouius
438 2228 477 2293 de
510 2228 658 2293 libertate
694 2229 820 2314 agitur,
855 2233 912 2293 aut
942 2227 1114 2312 libertum,
1144 2229 1199 2292 oui
1231 2231 1377 2311 petronus

183 2353 292 2419 operes
323 2332 463 2398 indicere
484 2333 581 2410 velit,
608 2338 663 2400 aut
688 2335 813 2419 parenti
835 2332 970 2412 liberos,
994 2338 1050 2420 qni
1072 2337 1108 2399 in
1130 2337 1293 2420 potestate
1316 2333 1376 2396 eins

182 2445 266 2506 sunt.
304 2444 379 2505 sunt
401 2445 509 2506 tamen
531 2442 587 2526 qui
611 2444 726 2524 putent
749 2441 875 2525 proprie
897 2441 1067 2508 interdieta
1090 2461 1126 2506 ea
1149 2440 1278 2515 vocari,
1305 2457 1375 2523 quae

184 2546 394 2632 prohibitoria
425 2549 518 2631 sunt,
547 2549 623 2632 quie
645 2546 834 2612 interdicere
857 2553 906 2613 est
929 2547 1113 2613 denuntiare
1137 2549 1169 2610 et
1193 2544 1372 2629 prohibere:

186 2654 383 2718 restitutoriis
418 2661 527 2720 eutem
561 2659 593 2720 et
627 2655 820 2720 exhibitoria
855 2657 980 2740 proprie
1011 2654 1136 2720 decreta
1166 2653 1297 2718 vocari:
1329 2649 1375 2714 sed

183 2760 292 2823 temen
323 2759 463 2843 optinuit
493 2762 601 2826 omnis
632 2759 803 2826 interdieta
829 2759 1000 2845 appellari,
1026 2761 1101 2845 quie
1123 2759 1210 2823 inter
1233 2757 1316 2822 dnos
1337 2757 1376 2820 di·

183 2876 309 2936 euntur.
369 2861 531 2961 Sequens
576 2865 702 2937 divisio
738 2864 1007 2936 interdictorum
1046 2862 1135 2934 haee
1174 2872 1251 2955 est,
1292 2860 1400 2960 quoda

182 2973 355 3073 quaedam
380 2974 631 3075 adipiscendae
656 2979 892 3077 possessionis
919 3005 1025 3049 eausa
1051 2987 1257 3074 comparata
1285 2987 1373 3060 sunt,

42 3177 45 3182 .
181 3087 354 3186 quaedam
380 3092 610 3183 retinendae,
623 3091 797 3192 quaedam
812 3091 1077 3189 reciperandae.
1112 3087 1375 3186 Adipiseendae
1391 3110 1399 3152 s

181 3204 416 3299 possessionis
465 3233 571 3277 eausa
616 3205 842 3278 interdictum
881 3203 1171 3278 accommodatur
1208 3201 1377 3273 bonorum

99 3381 101 3386 ,
180 3319 399 3414 possessori,
446 3320 541 3418 qnod
579 3318 776 3417 appelletur
813 3313 962 3417 quorum
1000 3316 1196 3401 bonorum,
1238 3317 1375 3413 eiusque

182 3431 237 3502 vis
263 3443 298 3503 et
321 3442 479 3530 potestas
504 3433 592 3506 haee
618 3444 687 3518 est,
713 3442 772 3522 ut,
799 3430 895 3530 quod
922 3459 964 3504 ex
990 3431 1046 3518 his
1071 3427 1176 3499 honis
1204 3431 1372 3528 quisque,

183 3571 332 3643 qnorum
369 3549 547 3643 possessio
586 3547 691 3618 alieni
730 3544 812 3616 data
848 3556 919 3634 est,
956 3571 1020 3642 pro
1053 3540 1185 3614 herede
1224 3554 1289 3614 ant
1320 3569 1372 3639 pre

181 3684 384 3754 possessore
416 3659 615 3757 possideat,
650 3657 687 3729 id
722 3660 774 3745 ei,
808 3660 864 3730 oui
892 3657 1064 3729 bonorum
1089 3657 1277 3754 possessio
1303 3657 1370 3728 data

183 3781 256 3860 est,
278 3773 462 3844 restituere
483 3770 621 3844 debeat.
648 3798 712 3869 pro
733 3771 864 3843 herede
887 3781 1003 3842 entem
1023 3769 1205 3868 possidere
1226 3769 1369 3858 videtur,

183 3885 244 3982 qui
275 3893 375 3981 putat
408 3911 446 3956 se
476 3883 643 3957 heredem
679 3911 775 3957 esse:
810 3911 876 3982 pro
910 3909 1115 3982 possessore
1146 3883 1176 3953 is
1201 3883 1369 3979 possidet,

185 3997 246 4094 qui
280 3994 378 4068 nullo
404 3998 479 4069 iure
508 4023 583 4071 rem
609 3997 859 4071 hereditariam
886 3985 944 4072 vel
970 3999 1075 4070 etiam
1100 4005 1214 4071 totam
1239 3995 1370 4069 heredi·
