2964 4596
217 70 261 136 94
495 90 578 140 msa.
591 74 615 138 1.
640 72 780 159 matt.
803 93 882 140 nvn.
906 92 997 140 xvm.
1021 93 1090 140 x1x.

73 264 78 275 '
152 297 153 302 ¹
253 260 345 333 Cum
378 271 493 330 autem
529 259 574 331 ad
608 259 782 359 adgnatos
815 258 922 330 tutela
956 264 1149 358 pertineat,
1183 287 1254 333 non
1282 258 1422 338 simula

210 373 255 444 ad
282 397 405 446 omnes
427 374 596 468 pertinet,
618 373 681 444 sed
703 371 747 444 ad
770 397 831 443 eos
850 382 1006 465 tantum,
1027 374 1087 471 qui
1101 375 1260 470 proximo
1275 372 1390 472 gradu

206 500 307 579 sunt,
332 487 402 570 vel,
427 489 454 550 si
478 487 620 552 eiusdem
644 487 761 574 gradus
785 489 866 570 sint,
892 487 931 550 ad
954 507 1073 552 omnes.

749 681 850 746 XVII.

357 833 359 838 ’
442 821 493 878 DE
514 819 702 878 LEGI'I'IMA
723 819 982 878 PATRONORUM
1001 819 1158 879 uerunt.

244 953 300 1022 Ex
326 950 460 1044 [eadem
493 949 574 1048 lege
607 948 794 1020 duodecim
819 948 1017 1019 tabularum
1044 948 1250 1020 libertorum
1276 960 1312 1018 et
1336 949 1391 1018 li-

206 1064 384 1135 bertarum
418 1062 526 1134 tutela
559 1061 604 1133 ad
635 1072 802 1159 patrones
833 1060 1035 1160 liberosque
1068 1089 1189 1132 eorum
1222 1063 1391 1159 pertinet,

208 1203 299 1276 qtrae
325 1188 360 1248 et
384 1179 460 1274 ipsa
483 1175 643 1274 legitima
668 1173 775 1245 tutela
797 1186 958 1246 vocatur:
985 1201 1060 1245 non·
1077 1177 1159 1273 quia
1181 1175 1388 1244 nominatim

78 1305 79 1310 ’
209 1317 249 1361 ea
279 1291 360 1389 lege
390 1289 433 1360 de
460 1288 527 1360 hac
554 1287 663 1359 tutela
689 1280 847 1374 caretur,
875 1286 936 1358 sed
963 1289 1043 1386 quia
1071 1287 1217 1385 perinde
1242 1297 1390 1384 accepta

208 1417 262 1476 est
290 1431 353 1502 per
383 1401 726 1500 interpretationem,
751 1412 856 1498 atque
883 1402 913 1471 si
939 1398 1053 1472 verbis
1077 1398 1168 1498 lepis
1187 1398 1391 1470 introducta

209 1529 313 1588 esset.
342 1543 384 1586 eo
412 1517 504 1586 enim
530 1516 630 1610 ipso,
651 1513 788 1612 qu0d1)
811 1513 1023 1586 hereditates
1044 1511 1250 1584 libertorum
1263 1512 1389 1584 liher-

206 1642 408 1726 tarumque,
435 1630 465 1698 si
489 1628 645 1698 intestati
670 1626 919 1711 decessissent,
943 1629 1092 1698 iusserat
1110 1625 1169 1695 lex
1191 1624 1236 1696 ad
1257 1638 1390 1721 patro-

209 1769 274 1812 nos
306 1740 483 1811 liberosve
515 1765 636 1808 eorum
669 1740 860 1834 pertinere,
889 1737 1117 1810 erediderunt
1146 1748 1284 1809 veteres
1313 1765 1391 1810 vo-

205 1855 313 1925 luisse
354 1852 473 1951 legem
512 1853 617 1921 etiam
654 1850 781 1923 tutelas
818 1853 863 1922 ad
902 1879 962 1922 eos
1000 1851 1192 1949 pertinere,
1231 1875 1311 1922 cum
1350 1861 1386 1922 et

206 1966 399 2064 adgnatos,
432 1991 521 2063 quos
552 1963 597 2034 ad
622 1963 852 2036 hereditatem
878 1975 1000 2052 vocat,
1028 1962 1170 2034 eosdem
1196 1974 1231 2033 et
1254 1972 1389 2036 tutores

214 2104 289 2149 esse
315 2079 416 2148 iussit
437 2084 469 2144 et
495 2082 570 2164 quia
591 2079 795 2165 plerumque,
816 2080 873 2145 ubi
895 2081 1099 2144 successionis
1123 2083 1170 2142 est
1193 2077 1389 2143 emolumen-

213 2199 303 2269 tum,
326 2192 374 2258 ibi
397 2196 428 2256 et
450 2191 570 2256 tutelae
594 2211 673 2256 onus
697 2213 763 2256 esse
787 2192 889 2256 debet.
936 2192 1007 2256 ideo
1029 2195 1138 2255 autem
1161 2189 1300 2254 diximus
1322 2193 1390 2278 pte-

209 2318 362 2382 rumque,
393 2298 484 2382 quia,
516 2299 544 2362 si
574 2318 591 2362 a
621 2299 741 2363 femina
769 2299 915 2382 impubes
946 2297 1215 2372 manumittatur,
1246 2297 1316 2380 ipsa
1348 2299 1391 2363 ad

210 2402 419 2469 hereditatem
443 2409 590 2481 vocatur,
616 2425 690 2468 cum
714 2401 796 2467 alius
821 2409 867 2467 est
890 2409 986 2469 tutor.

741 2589 858 2656 XVIII.

465 2729 515 2787 DE
535 2727 722 2787 Lustrum
742 2728 951 2788 PARENTUM
971 2730 1126 2792 TUTELA.

254 2860 409 2944 Exemplo
432 2864 636 2944 patronorum
659 2863 784 2943 recepta
808 2865 856 2923 est
879 2864 911 2924 et
934 2859 997 2925 aha
1019 2860 1137 2940 tutela,
1162 2883 1241 2946 quae
1264 2865 1390 2948 etipsa

209 2967 358 3054 legitima
379 2971 519 3031 vocatur.
568 2985 643 3028 nam
667 2967 694 3028 si
718 2967 788 3049 quis
812 2962 916 3030 filium
939 2971 995 3030 aut
1018 2965 1134 3052 filiam,
1158 2971 1305 3054 nepotem
1331 2973 1389 3034 aut

209 3079 336 3158 neptem
360 3093 398 3136 ex
421 3068 487 3134 filio
510 3073 543 3134 et
565 3069 711 3154 deinceps
735 3069 915 3154 impuberes
936 3073 1198 3156 emancipaverit,
1217 3073 1388 3160 legitimus

210 3198 320 3243 eorum
343 3181 430 3242 tutor
453 3177 523 3240 erit.

730 3341 863 3407 XVIIII.

563 3480 614 3540 Du
635 3479 860 3540 FIDUCIARIA
880 3482 1036 3544 TUTELA.

257 3613 315 3678 Est
344 3617 376 3676 et
407 3610 470 3677 alia
497 3610 617 3691 tutela,
650 3632 731 3697 quae
760 3611 923 3678 fiduciaria
953 3613 1140 3699 appellatur.
1186 3637 1261 3684 nam
1284 3620 1312 3682 si
1334 3639 1386 3704 pa·

212 3740 283 3784 rens
314 3715 419 3782 tilium
450 3716 504 3783 vel
526 3714 643 3792 filiam.
667 3723 815 3803 nepotem
837 3718 889 3784 vel
910 3725 1038 3804 neptem
1060 3727 1093 3786 et
1116 3713 1260 3808 deinceps
1283 3726 1390 3810 impu-

213 3825 302 3890 beres
329 3824 572 3902 manumiserit,
597 3822 779 3910 legitimam
802 3825 995 3889 nanciscitur
1018 3845 1127 3891 eorum
1149 3828 1300 3894 tutelam:
1326 3850 1389 3915 quo

211 3930 358 3996 defuncte
382 3931 410 3995 si
432 3927 527 3995 liberi
549 3927 655 3996 virilis
673 3949 767 3994 sexus
784 3934 912 4006 extant,
932 3929 1090 3998 fiduciarii
1108 3939 1228 4004 tutores
1250 3932 1390 4002 filiorum

246 4111 281 4182 1)·
293 4109 432 4182 Krueger:
453 4126 517 4181 quo.
546 4132 548 4138 ’
