2964 4596
218 45 282 110 110
409 47 413 64 ¹
428 59 511 107 lusu.
535 40 562 106 Ι.
584 59 655 104 xxu
665 63 712 126 pr.
725 42 743 125 ᾗ
757 40 854 106 1-6.
878 61 961 108 xxm
982 66 1030 130 pr.
1044 46 1061 129 ξ
1076 43 1172 109 1-5.

217 238 363 318 11111111,
395 235 432 296 ut
461 235 532 316 post
562 230 789 298 duodecimum
819 254 939 298 annum
969 236 1160 319 completum
1183 236 1390 318 viripotentes
1442 267 1464 338 5

217 362 283 406 esse
305 339 479 404 credantur.
528 336 610 400 ltem
634 334 743 402 finitur
766 339 880 416 tutela,
906 341 933 402 si
957 339 1101 426 adrogati
1124 342 1188 403 sint
1207 339 1310 404 adhuc
1328 341 1387 402 im·
1409 361 1419 401 1

215 448 348 536 puberes
371 442 424 510 vel
447 442 620 528 deportati:
645 445 726 506 item
749 447 776 508 si
800 448 833 508 in
857 446 1045 508 servitutem
1066 445 1208 530 pupillus
1225 445 1391 530 redigatur

216 553 269 617 111
292 554 330 617 ab
353 549 498 614 hostibus
522 547 619 612 fuerit
643 554 762 634 captus.
799 549 860 614 Sed
885 555 916 614 et
939 552 1088 635 eiusque
1112 551 1150 614 ad
1174 557 1294 616 certam
1318 570 1423 615 con-s
1464 577 1465 642 1

94 675 96 678 ·
215 659 374 722 dicionem
405 654 497 720 datus
528 655 571 717 sit
600 659 804 734 testamento,
837 677 935 740 aeque
967 658 1090 733 evenit,
1115 660 1153 720 ut
1177 657 1301 720 desinat
1326 676 1392 718 esee
1464 647 1465 716 l

215 769 302 829 tutor
332 764 486 827 existente
516 759 706 824 condicione.
755 759 864 824 Simili
894 763 989 826 modo
1020 760 1130 826 finitur
1160 762 1262 826 tutela
1289 767 1423 825 morter
1464 769 1465 776 ’

214 869 268 936 111
289 875 434 933 tutorum
457 863 511 930 vel
529 863 736 950 pupillorum.
773 866 835 930 Sed
855 873 885 931 et
903 870 1015 952 capitis
1028 867 1244 932 deminutione
1257 869 1389 949 tutoris,
1411 888 1423 929 1

216 998 272 1063 per
294 996 391 1060 quam
413 972 543 1042 libertae
561 969 614 1035 vel
636 973 749 1036 civitas
767 975 835 1037 eius
855 975 1034 1050 amittitur,
1055 977 1157 1038 omnis
1177 973 1278 1038 tutela
1297 976 1388 1058 perit.

218 1086 353 1148 minima
379 1083 488 1145 autem
512 1078 624 1160 capitis
648 1076 864 1143 deminutione
887 1082 1019 1156 tutoris,
1044 1078 1148 1147 veluti
1166 1083 1194 1144 si
1213 1102 1246 1144 se
1265 1082 1300 1143 in
1319 1079 1391 1142 ado·

216 1191 357 1275 ptionem
381 1183 520 1259 dederit,
544 1180 843 1270 legitima2tantum
867 1185 970 1250 tutela
991 1188 1092 1270 perit,
1117 1191 1237 1250 ceterae
1257 1205 1392 1270 111111-

216 1300 319 1364 rennt.
366 1290 428 1357 Sed
450 1286 567 1374 pupilli
591 1292 623 1350 et
644 1289 784 1374 pupillae
809 1293 922 1376 eapitis
945 1291 1139 1375 deminutio,
1159 1289 1235 1356 licet
1252 1293 1390 1354 minima
1465 1271 1466 1280 ἒ

216 1403 275 1476 sit,
311 1416 419 1464 omnes
452 1392 570 1458 tutelas
604 1392 699 1458 tollit.
747 1394 915 1462 Praeterea
947 1399 1002 1482 qui
1035 1397 1075 1461 ad
1107 1402 1231 1462 certum
1266 1402 1426 1481 tempusa

216 1510 405 1571 testamento
437 1501 552 1566 dantur
582 1502 719 1577 tutores,
752 1500 842 1566 finito
866 1523 901 1567 eo
925 1502 1085 1587 deponunt
1109 1502 1255 1568 tutelam.
1303 1501 1427 1566 Deci-s

215 1618 297 1676 nunt
327 1617 434 1676 autem
464 1626 531 1671 esse
563 1608 699 1690 tutores,
732 1610 788 1693 qui
810 1607 862 1673 111
885 1613 1086 1673 removentur
1109 1628 1128 1673 1
1150 1608 1253 1673 tutela
1276 1608 1316 1672 ob
1340 1607 1389 1685 id,

216 1718 302 1804 quod
332 1715 469 1801 suspecti
500 1711 563 1775 visi
594 1717 684 1788 sunt,
713 1713 766 1778 vel
798 1735 836 1777 ex
865 1715 951 1777 iusta
981 1735 1075 1778 causa
1096 1736 1163 1780 sese
1186 1719 1337 1778 excusant
1360 1717 1391 1778 11

216 1845 295 1890 onus
315 1815 580 1887 administrandae
601 1816 719 1882 tutelae
739 1819 899 1904 deponunt
918 1818 1092 1884 secundum
1112 1841 1148 1886 ea
1167 1841 1246 1906 quae
1258 1820 1390 1884 inferius

216 1947 436 2015 proponemus.

744 2013 865 2078 XXIII.

634 2135 685 2192 DE
705 2133 972 2192 CURATORIBUS.

263 2247 401 2314 Masculi
421 2248 554 2332 puberes
578 2251 609 2311 11
633 2246 769 2310 feminac
791 2247 998 2328 viripotentes
1021 2267 1119 2330 usque
1140 2245 1180 2310 ad
1199 2247 1391 2312 vicesimum

216 2357 365 2441 quintum
386 2375 506 2419 annum
525 2351 720 2439 completum
738 2356 896 2416 curatores
919 2353 1094 2437 accipiunt;
1120 2349 1390 2437 quia1)lieetpu-

217 2463 316 2552 beres·
329 2463 410 2544 sint,
434 2460 536 2526 adhuc
558 2464 664 2522 tamen
687 2457 784 2521 huius
808 2459 920 2521 aetatis
940 2464 1028 2534 sunt,
1048 2464 1086 2522 ut
1096 2461 1227 2546 negotia
1238 2479 1296 2522 sua
1308 2459 1392 2521 tueri

217 2569 432 2653 nonpossint.
477 2563 602 2630 Dantur
625 2568 733 2628 autem
757 2569 914 2628 curatores
938 2564 976 2627 ab
1000 2563 1103 2628 isdem
1125 2563 1387 2650 magistratibus,
1412 2582 1422 2625 1

218 2693 237 2738 1
268 2673 382 2757 quibus
412 2675 444 2735 et
473 2675 602 2736 tutores.
649 2668 704 2734 sed
735 2651 860 2733 curator
888 2673 1077 2733 testamento
1107 2689 1170 2734 non
1201 2669 1312 2742 datur,
1336 2668 1391 2732 sed

218 2779 312 2843 datus
342 2773 545 2840 confirmatur
573 2775 697 2838 decreto
726 2775 878 2858 praetoris
904 2772 957 2839 vel
979 2774 1140 2859 praesidis.
1187 2773 1270 2839 Item
1293 2775 1390 2838 inviti
1412 2793 1425 2836 1

218 2883 433 2947 adulescentes
459 2886 616 2946 curatores
639 2899 701 2943 non
724 2880 883 2962 accipiunt
906 2884 1122 2963 praeterquam
1148 2883 1183 2944 in
1204 2880 1314 2944 litem:
1340 2899 1392 2942 cu-

219 2993 303 3052 rator
332 2989 419 3052 enim
448 2990 480 3051 et
507 2985 548 3050 ad
576 2991 695 3049 certam
718 3004 846 3048 causam
869 2984 936 3048 dari
958 2990 1071 3070 potest.
1117 2986 1246 3051 Furiosi
1266 3005 1426 3070 quoquae

221 3099 253 3160 et
283 3095 424 3180 prodigi,
454 3091 530 3158 linet
553 3093 689 3155 maiores
710 3092 830 3177 viginti
853 3092 989 3175 quinque
1012 3093 1102 3156 annis
1124 3093 1205 3174 sint,
1229 3097 1337 3154 tamen
1360 3091 1394 3151 in

220 3202 381 3265 curatione
412 3204 487 3263 sunt
516 3196 728 3283 adgnatorum
751 3217 789 3260 ex
812 3195 883 3282 lege
908 3196 1075 3261 duodecim
1097 3197 1291 3261 tabularum.
1338 3194 1394 3260 sed

221 3304 323 3370 solent
345 3305 466 3370 Romae
487 3301 663 3387 praefectus
686 3302 775 3366 urbis
800 3301 851 3366 vel
870 3307 994 3385 praetor
1012 3308 1045 3366 11
1063 3304 1097 3366 in
1115 3303 1287 3387 provinciis
1306 3308 1394 3385 prae·

222 3412 304 3476 sides
334 3432 373 3475 ex
402 3411 606 3494 inquisitione
636 3410 681 3472 eis
710 3408 783 3472 darc
805 3412 973 3472 curatores.
1020 3405 1083 3473 Sed
1106 3412 1138 3472 et
1159 3412 1267 3472 mente
1290 3406 1429 3490 captiae

222 3523 253 3582 et
277 3516 379 3581 surdis
403 3520 435 3580 et
456 3516 556 3578 mutis
580 3518 612 3578 et
635 3515 690 3598 qui
712 3514 822 3578 morbo
844 3518 995 3598 perpetue
1016 3512 1178 3590 laborant,
1204 3514 1278 3597 quia
1301 3511 1396 3576 rebus

222 3624 288 3692 suis
321 3639 481 3707 superesse
511 3639 574 3684 non
602 3623 750 3703 possunt,
781 3623 938 3682 curatores
970 3619 1066 3684 dandi
1096 3624 1180 3684 sunt.
1227 3617 1431 3684 Interdums

222 3734 330 3793 autem
353 3733 385 3791 et
406 3723 524 3810 pupilli
545 3731 704 3789 curatores
728 3727 901 3809 accipiunt,
922 3730 960 3788 ut
979 3729 1057 3809 puta
1077 3726 1104 3789 si
1123 3723 1292 3812 legitImus
1308 3728 1397 3787 tutor

221 3853 284 3898 non
310 3834 354 3896 sit
382 3831 528 3906 idoneus,
561 3832 636 3914 quia
666 3830 796 3895 habenti
823 3835 962 3895 tutorem
994 3837 1080 3896 tutor
1101 3831 1170 3894 dari
1192 3849 1256 3894 non
1278 3832 1394 3913 potest.

222 3941 301 4004 item
335 3939 362 4001 si
392 3939 582 4000 testamento
613 3935 705 4000 datus
736 3939 823 3999 tutor
851 3935 904 4002 vel
926 3957 945 4000 a
967 3940 1109 4021 praetore
1133 3933 1190 4002 vel
1210 3955 1229 3999 a
1252 3932 1397 4019 praeside

255 4102 284 4173 1)
304 4102 424 4172 Krbger:
446 4100 504 4168 qui.
