2890 4616
583 80 692 134 'rusa
714 63 770 136 IV.
792 87 815 134 1.
837 87 886 154 pr.
908 67 944 154 ξς
957 65 1053 133 1-3.

524 255 716 328 alasa
754 253 1062 334 QUARTUS.

778 435 805 500 I.

281 605 332 666 DE
354 603 676 666 OBHGATIONIBUS
698 605 798 675 QUAE
819 605 869 664 EX
890 605 1053 664 DELIOTO
1074 605 1308 667 Nasourroa.

251 767 335 836 Oum
361 770 541 855 expositum
565 771 608 835 sib
631 770 792 854 superiore
814 767 896 834 libro
920 768 959 834 de
979 767 1229 854 obligationibus
1254 787 1293 832 ex
1317 787 1380 832 oon·

202 880 307 942 tractu
337 879 369 940 eb
400 878 491 961 quasi
518 895 557 940 ox
580 880 761 951 contractu,
785 876 929 960 sequitur
951 879 989 938 ui
1012 874 1051 940 de
1073 874 1329 963 obligationibus
1351 895 1383 937 er

204 979 361 1050 maleficio
391 983 608 1067 dispiciamus.
656 982 710 1048 sed
741 980 818 1046 illae
849 980 994 1066 quidem,
1026 986 1064 1046 ut
1086 1001 1143 1046 suo
1165 979 1235 1046 loeo
1259 980 1385 1044 tradidi-

203 1110 294 1173 mus,
324 1090 358 1152 in
390 1093 540 1172 quattuor
570 1108 687 1175 genera
717 1086 922 1153 dividuntur:
955 1088 1015 1154 hae
1045 1108 1119 1154 vero
1144 1090 1240 1152 unius
1263 1088 1386 1173 generis

206 1201 298 1274 sunt,
330 1214 405 1259 nam
437 1215 545 1259 omnes
576 1215 615 1259 ax
647 1214 681 1259 re
710 1197 900 1271 nascuntur,
930 1193 965 1259 id
995 1199 1043 1258 esi
1066 1215 1106 1259 ex
1125 1196 1194 1278 ipso
1216 1191 1385 1275 maleficio,

195 1302 309 1370 -veluti
332 1322 371 1366 ex
394 1301 479 1368 furio
503 1303 691 1385 eutropius
714 1306 771 1365 sub
794 1301 909 1366 damno
933 1306 989 1365 aui
1011 1303 1139 1365 iniuria.
1169 1300 1172 1309 “

272 1407 410 1473 Furium
445 1413 493 1473 θεῖ
522 1410 727 1472 oonbreoiaoio
758 1409 806 1471 rei
834 1406 1017 1472 fraudulosa
1046 1404 1098 1472 vel
1128 1404 1229 1490 ipsius
1260 1407 1311 1470 rei
1340 1403 1403 1468 veli

206 1515 305 1580 eiiam
336 1534 412 1578 usus
443 1516 511 1578 eius
541 1516 801 1598 possessionum,
827 1513 910 1600 quod
933 1512 1006 1600 lege
1029 1510 1167 1578 naturali
1190 1511 1387 1596 prohibitum

206 1626 254 1686 θεῖ
277 1620 456 1685 admittere.
502 1619 640 1684 Furium
664 1626 770 1684 autem
790 1618 844 1685 vel
867 1640 885 1683 a
908 1619 1001 1684 furvo
1023 1619 1058 1683 id
1080 1624 1128 1683 θεῖ
1150 1620 1244 1705 nigro
1268 1618 1403 1682 uictuma

183 1791 185 1796 .
207 1732 273 1811 θεῖ,
298 1727 382 1811 quod
405 1726 488 1791 olam
512 1730 544 1792 θῖ
567 1727 698 1791 obscure
720 1725 757 1790 fit
781 1731 812 1790 θῖ
831 1725 1019 1812 plerumque
1037 1731 1145 1790 nocie:
1165 1724 1384 1794 velafraude:

207 1832 262 1900 vel
292 1853 310 1897 a
338 1832 484 1908 ferendo,
516 1833 549 1897 id
582 1838 629 1898 θεῖ
660 1833 846 1898 auferendo:
877 1833 931 1899 vel
961 1831 1122 1898 aGraeoo
1146 1852 1312 1908 sermone,
1338 1835 1386 1917 qui

207 1941 313 2022 φῶρας
349 1938 510 2024 appellant
543 1939 639 2003 fures.
686 1941 788 2005 immo
823 1942 921 2005 etiam
956 1937 1069 2004 Graeci
1104 1938 1167 2004 oiri
1202 1943 1258 2001 τοῦ
1288 1937 1386 2022 φέρειν

208 2049 315 2128 φῶρας
347 2046 503 2110 dixerunb
554 2043 746 2113 Furiosum
781 2054 898 2114 autem
928 2069 1059 2141 genera
1085 2042 1155 2113 duo
1181 2053 1287 2132 sunt,
1316 2071 1400 2112 mai-s

206 2155 373 2228 nifesium
399 2167 434 2227 et
464 2183 529 2227 nee
555 2156 791 2228 manifestum.
830 2184 911 2228 nam
938 2167 1147 2256 conseptum
1172 2168 1208 2227 θῖ
1232 2154 1385 2226 oblatum

206 2273 343 2368 speeies
376 2273 493 2367 potius
526 2269 676 2341 aetionis
710 2283 792 2342 sunt
816 2271 910 2340 furio
937 2269 1167 2341 cohaerentes
1193 2295 1302 2366 quam
1328 2297 1385 2368 ge·

207 2412 293 2458 nera
313 2384 503 2484 fissorum,
529 2386 621 2456 sicut
645 2386 792 2458 inferius
817 2379 1013 2482 apparebit.
