2964 4596
167 2 190 43 4
615 0 935 42 ··.·-¹·

171 169 346 253 proprietas
376 169 483 231 autem
514 185 624 231 eorum
646 166 751 250 potest
771 161 918 252 intellegi
940 163 1063 230 nullius
1084 185 1166 239 esse,
1190 165 1245 230 sed
1268 166 1349 230 eius·

172 274 246 339 dem
275 273 355 336 iuris
386 291 468 348 esse,
502 273 593 336 ouius
622 276 655 336 et
684 291 772 335 mars
796 274 828 334 et
851 291 931 355 quae
954 271 1118 336 subissent
1141 271 1242 353 mari,
1266 274 1350 336 terra

173 377 228 444 vel
249 377 377 442 harena.
422 375 648 444 Universitatis
671 382 761 455 sunt,
786 396 848 441 non
870 377 1072 466 singulorum
1094 375 1198 441 veluti
1217 397 1297 460 quse
1316 379 1350 441 in
1370 397 1384 442 s

173 482 359 549 civitatibus
378 486 469 560 sunt,
493 486 532 547 ut
554 483 679 548 theatra
698 482 801 548 stadia
822 487 855 548 88
874 482 996 548 similia
1013 487 1045 547 et
1063 484 1092 547 81
1114 502 1177 566 qua
1195 479 1259 546 8118
1277 486 1351 546 sunt

131 663 133 667 ,
173 589 357 656 eommunia
380 589 572 653 eivitatium.

215 692 347 759 Nullius
370 697 478 758 autem
500 698 576 759 sunt
597 713 646 758 res
669 712 786 772 saerosi
799 696 831 758 et
854 691 1023 780 religiosae
1045 697 1077 757 et
1096 696 1239 757 sanetae:
1266 692 1381 776 quodr

173 801 258 865 enim
282 797 385 862 divini
408 799 489 862 iuris
508 804 573 882 est,
595 798 630 863 id
648 797 770 863 nullius
788 800 823 862 in
841 798 933 863 bonis
951 802 1009 863 888.
1044 795 1140 862 Saora
1157 802 1251 878 sunt,
1272 818 1351 882 quae
1372 819 1386 863 s

171 907 233 970 rite
263 909 296 969 et
324 924 381 987 per
410 901 575 988 pontifices
605 904 663 969 deo
688 908 981 987 consensissent,
1005 902 1351 968 velutiaedessaerae

173 1016 205 1076 et
224 1009 325 1087 1888,
344 1029 424 1093 quae
443 1011 504 1074 rite
524 1009 564 1073 ad
581 1010 798 1074 ministerium
818 1008 870 1074 dei
889 1009 1034 1074 dedioata
1053 1017 1141 1084 sunt,
1161 1028 1241 1092 quse
1254 1011 1351 1074 etism

171 1135 228 1201 per
254 1119 396 1180 nostram
428 1115 687 1179 constitutionem
719 1113 851 1179 alienari
881 1119 913 1179 et
945 1112 1083 1201 obligari
1113 1113 1351 1199 prohibuimus,

173 1225 304 1305 excepte
331 1239 425 1284 88888
456 1220 684 1304 redemptionis
711 1223 926 1304 captivomm.
973 1220 1096 1304 siquis
1120 1239 1195 1284 vero
1218 1221 1353 1285 auotori-

170 1330 237 1390 tate
267 1344 324 1389 sua
354 1326 446 1409 quasi
473 1345 599 1390 ssorum
629 1325 692 1390 sibi
722 1327 940 1402 constituerit,
972 1344 1098 1390 ssorum
1122 1328 1272 1400 nonest,
1297 1323 1353 1388 sed

154 1430 352 1516 profanum.
397 1429 487 1494 loeus
514 1435 638 1506 autem,
669 1433 703 1494 in
728 1450 789 1515 quo
811 1451 917 1496 sacrae
940 1431 1032 1496 aedes
1055 1427 1236 1516 aedificatae
1259 1434 1350 1508 sunt,

172 1538 270 1602 etiam
306 1536 411 1600 diruto
445 1533 588 1600 aedificio
623 1535 725 1601 adhue
757 1555 843 1602 sacer
875 1541 1000 1612 menet,
1033 1541 1070 1600 ut
1101 1541 1134 1600 88
1155 1534 1352 1621 Papinianus

172 1644 310 1726 scripsit.
358 1639 561 1730 Religionum
592 1640 699 1705 lorum
728 1642 946 1726 unusquisque
978 1662 1036 1708 sua
1065 1639 1231 1708 voluntate
1254 1641 1387 1718 faoit‚o

173 1746 252 1811 dum
281 1751 444 1814 mortuum
475 1746 571 1811 181888
601 1747 634 1810 18
664 1744 772 1811 locum
798 1767 904 1811 suum.
951 1749 985 1812 in
1013 1767 1217 1812 communem
1240 1751 1350 1812 autem

170 1851 279 1916 looum
308 1872 427 1936 purum
453 1853 556 1916 invito
579 1853 663 1916 sooio
685 1851 800 1916 inferre
822 1871 885 1916 non
907 1850 999 1916 lioet:
1026 1855 1061 1916 in
1084 1872 1253 1917 commune
1276 1873 1353 1918 vero

171 1956 354 2041 sepulerum
382 1958 481 2021 etiam
510 1957 623 2021 invitis
653 1959 765 2021 esteris
794 1955 872 2022 lieet
902 1957 1027 2023 inferre.
1073 1941 1155 2022 item
1177 1959 1206 2021 si
1228 1945 1369 2022 8118888·

171 2082 249 2126 8888
283 2061 405 2126 fruetus
439 2065 504 2145 est,
533 2063 779 2146 proprietarium
811 2062 916 2148 plaoet
945 2065 1008 2128 8181
1039 2065 1253 2128 consentiente
1275 2083 1351 2128 usu-

172 2167 322 2232 fructario
349 2167 457 2232 looum
480 2165 668 2253 religiosum
691 2168 886 2233 nonfacere.
934 2170 968 2234 in
990 2168 1131 2234 alienum
1152 2167 1260 2233 looum
1280 2187 1353 2232 oon·

174 2273 301 2338 8888888
333 2273 461 2339 domino
492 2270 568 2336 lieet
597 2272 727 2337 inferre:
760 2277 792 2338 88
820 2271 896 2338 11888
923 2279 1032 2358 postes
1053 2281 1161 2340 ratum
1183 2273 1349 2351 habuerit,

174 2397 270 2462 quam
292 2376 403 2443 illatus
424 2382 471 2442 est
494 2382 658 2455 mortuus,
683 2383 791 2443 tamen
814 2377 984 2465 religiosus
1004 2378 1093 2445 loeus
1110 2377 1154 2442 fit.
1192 2375 1349 2448 Sanctae
1372 2401 1401 2444 ro

172 2511 312 2583 quoque
345 2512 423 2580 res,
456 2485 565 2558 veluti
598 2490 688 2557 muri
722 2499 922 2583 otpertus,
949 2486 1212 2586 quodammodo
1239 2487 1354 2559 divini

169 2600 256 2668 iuris
282 2612 365 2669 sunt
390 2610 425 2670 et
449 2598 529 2670 ideo
556 2599 687 2670 nullius
710 2601 748 2670 in
773 2598 878 2670 bonis
903 2611 995 2671 sunt.
1031 2602 1103 2667 ideo
1122 2607 1231 2668 autem
1242 2623 1354 2668 muros

170 2717 293 2777 8888888
323 2712 488 2802 (11818888,Ι
506 2716 581 2797 quia
610 2734 712 2799 poena
742 2713 862 2799 eapitis]
882 2717 1055 2780 constituta
1079 2717 1177 2779 sitin
1199 2734 1269 2799 eos,
1294 2718 1353 2800 qui

171 2816 294 2902 aliquid
316 2820 350 2881 in
373 2838 482 2882 muros
506 2818 706 2903 deliquerint.
742 2820 813 2885 ideo
838 2826 869 2886 et
893 2819 1005 2907 legum
1024 2841 1076 2887 eas
1093 2827 1211 2905 partes,
1233 2821 1354 2906 quibus

170 2941 286 3006 poenas
318 2923 543 2989 constituimus
571 2924 721 2990 adversus
753 2946 822 3009 eos,
854 2928 910 3010 qui
941 2932 1049 3000 eontra
1079 2925 1168 3013 leges
1198 2925 1352 3006 fecerint,

171 3028 347 3092 sanctiones
369 3049 521 3094 vooamus
545 3025 582 3116 1).

155 3907 381 3920 *—

199 3978 226 4048 1)
246 3977 378 4046 sesqua
397 3978 425 4032 8.
446 3981 467 4034 t.
488 3981 554 4049 888
571 3979 677 4036 saeba
695 3979 769 4034 infra
788 3979 838 4049 (se
856 3978 908 4034 88
928 3941 1065 4051 88888.)
1085 3996 1149 4052 pag.
1170 3979 1207 4037 24
1226 3998 1269 4056 sq.
1289 3983 1419 4040 relatas.
