2964 4596
207 58 250 126 38
588 82 671 131 ruer.
696 63 736 129 u
761 83 782 130 1.
807 65 844 148 §§
857 59 1001 130 ‹to-47.

202 249 287 314 nihil
310 251 397 314 enim
418 255 488 316 tam
511 254 700 318 conveniens
723 257 770 318 est
792 252 933 318 naturali
955 253 1128 336 aequitati,
1153 273 1251 338 quam
1274 251 1388 319 volun-

203 359 305 420 tatem
336 356 479 434 domini,
505 357 641 424 volentis
671 379 739 423 rem
767 379 859 423 suam
889 361 924 423 in
951 357 1053 422 alium
1075 346 1259 437 transferre,
1283 363 1388 422 ratam

203 460 323 525 haberi.
371 466 404 526 et
433 461 505 528 ideo
533 466 761 549 cuiuscumque
791 467 916 552 generis
946 465 989 528 sit
1021 463 1190 548 corporalis
1212 485 1278 537 res,
1304 463 1390 527 tradi

204 569 309 650 potest
329 571 361 630 et
384 587 403 632 0
425 567 554 633 domino
576 570 693 634 tradita
716 568 883 635 alienatur.
917 572 1026 654 itaque
1045 570 1389 655 stipendiariaquoque

206 675 239 736 et
271 673 440 738 tributaria
462 675 591 759 praedia
612 675 723 740 eodem
746 675 843 740 modo
866 675 1055 740 alienantur.
1101 685 1256 741 vorantur
1278 681 1389 740 autem

205 778 411 863 stipendiaria
432 785 464 844 et
487 780 657 852 tributaria
679 780 825 864 praedia,
846 801 926 865 quae
949 783 984 844 in
1002 782 1176 865 provinciis
1195 787 1286 856 sunt,
1306 784 1392 846 inter

207 905 287 968 quae
310 907 367 976 neo
386 906 448 950 non
471 885 583 950 Itah'oa
604 886 733 971 praedia
757 907 796 950 ex
814 891 921 952 nostra
945 887 1171 953 constitutione
1194 887 1284 952 nulla
1303 886 1392 952 diffe-

206 993 310 1056 rentia
341 997 398 1056 est.
446 990 509 1057 Sed
539 995 567 1057 01
598 993 727 1077 quidem
760 1015 799 1058 ex
822 1013 917 1058 eausa
940 992 1119 1057 donationis
1143 998 1198 1058 aut
1221 993 1307 1057 dotis
1330 996 1421 1058 aute

207 1096 350 1180 qualibet
373 1098 436 1163 alia
458 1120 498 1163 ex
520 1119 615 1163 00000
632 1096 817 1183 tradantur,
836 1101 903 1163 aine
923 1098 1021 1163 dubio
1041 1097 1294 1163 transfenmtur:
1314 1119 1391 1163 ven·

207 1201 293 1266 ditae
315 1224 390 1269 vero
414 1209 445 1268 et
468 1203 605 1269 traditae
626 1223 689 1268 non
713 1203 805 1269 aliter
828 1206 965 1287 emptori
991 1203 1218 1289 adquiruntur,
1246 1207 1392 1288 quamsi

207 1308 236 1371 10
259 1309 417 1375 venditori
438 1312 580 1395 pretium
604 1309 735 1375 solverit
753 1309 807 1374 vel
826 1309 889 1374 alio
908 1310 1004 1374 modo
1027 1311 1056 1373 ei
1068 1309 1274 1393 satisfecerit,
1286 1309 1392 1375 veluti

208 1417 438 1499 expromissore
472 1420 528 1481 aut
561 1417 694 1502 pignore
728 1415 812 1480 dato.
860 1415 945 1500 quod
977 1418 1108 1479 cavetur
1137 1415 1268 1499 quidem
1292 1418 1393 1479 etiam

206 1518 280 1608 lege
304 1520 471 1588 duodecim
493 1519 695 1588 tabularum:
716 1526 825 1586 tamen
843 1525 927 1586 reete
948 1521 1065 1585 dieitur
1084 1526 1116 1584 et
1133 1523 1203 1586 iure
1222 1524 1391 1609 gentium,

207 1625 242 1689 id
276 1632 324 1692 est
355 1629 425 1692 iure
458 1625 614 1703 naturali,
651 1627 685 1691 id
720 1625 812 1691 effici.
859 1627 914 1692 sed
944 1629 972 1691 si
998 1628 1105 1711 isqui
1127 1627 1272 1693 vendidit
1295 1626 1394 1690 fidem

207 1733 361 1815 emptoris
395 1737 522 1797 secutus
557 1731 670 1809 fuerit,
707 1731 876 1796 dicendum
912 1736 960 1797 est
994 1734 1106 1797 statim
1137 1753 1207 1798 rem
1238 1733 1392 1816 emptoris

207 1833 286 1901 fieri.
331 1837 424 1902 Nihil
454 1843 563 1903 autem
588 1839 738 1921 interest,
761 1842 873 1902 utrum
897 1840 965 1923 ipse
989 1838 1137 1902 dominus
1160 1839 1266 1904 tradat
1290 1837 1428 1902 alienia

206 1960 295 2018 rem,
321 1963 360 2006 an
382 1941 549 2008 voluntate
572 1945 640 2008 eius
663 1942 756 2008 alius.
792 1942 862 2023 Qua
884 1945 1023 2019 ratione,
1047 1945 1076 2008 si
1097 1945 1150 2008 eui
1172 1943 1274 2009 libera
1292 1962 1427 2029 negata
1471 1989 1472 1992 η

205 2049 325 2112 tiorum
349 2048 584 2114 administratio
608 2069 627 2114 a
650 2049 779 2115 domino
800 2053 955 2135 permissa
979 2049 1076 2115 fuerit
1097 2050 1188 2132 isque
1210 2069 1249 2113 ex
1266 2047 1318 2112 his
1339 2069 1393 2112 ne-

207 2155 305 2238 gotiis
335 2175 404 2219 rem
433 2154 613 2220 vendiderit
637 2160 669 2220 st
688 2155 873 2232 tradiderit,
897 2156 975 2221 feeit
997 2176 1069 2220 sam
1095 2154 1289 2238 accipientis.
1336 2152 1424 2217 In-er

205 2260 335 2324 tardum
363 2262 461 2326 etiam
491 2261 558 2326 sine
590 2261 760 2326 traditione
783 2262 869 2327 nuda
891 2260 1039 2327 voluntas
1062 2257 1180 2324 sufficit
1204 2259 1327 2324 domini
1350 2259 1391 2323 ad

205 2386 274 2430 rem
298 2366 567 2444 transferendam,
591 2366 695 2432 veluti
717 2369 746 2431 si
768 2388 852 2439 rem,
878 2387 975 2451 quam
995 2367 1058 2431 tibi
1075 2364 1192 2449 aliquis
1210 2365 1391 2429 commoda·
1470 2367 1471 2388 ¹

203 2475 253 2537 vit
275 2477 332 2538 aut
353 2473 473 2540 locavit
495 2475 551 2538 aut
574 2473 658 2558 apud
681 2478 714 2538 te
737 2473 898 2558 deposuit,
925 2471 1105 2538 vendiderit
1128 2471 1190 2534 tibi
1214 2478 1270 2534 aut
1294 2469 1389 2535 dona·

206 2581 298 2644 verit.
347 2581 494 2664 quamvis
526 2581 612 2644 enim
636 2601 674 2646 ex
697 2600 851 2646 0000000
875 2581 936 2644 tibi
962 2599 1033 2644 eam
1055 2599 1119 2643 non
1143 2578 1328 2656 tradiderit,
1352 2599 1390 2643 eo
1469 2651 1470 2656 ἵ

203 2688 314 2749 temen
346 2686 432 2769 ipso,
468 2685 553 2769 quod
581 2687 704 2770 patitur
734 2689 823 2750 tuam
856 2705 938 2763 esse,
971 2687 1081 2750 statim
1112 2683 1292 2769 adquiritur
1325 2684 1387 2748 tibi

205 2791 380 2874 proprietas
413 2790 542 2875 perinde
577 2811 612 2854 ae
648 2791 676 2854 01
710 2809 747 2856 00
775 2793 902 2856 nomine
932 2791 1051 2855 tradita
1081 2789 1204 2854 fuisset.
1251 2788 1334 2854 Item
1355 2791 1423 2854 010

188 2898 278 2988 0010
308 2916 427 2960 meroes
449 2897 484 2958 in
506 2894 618 2960 horreo
641 2895 799 2981 depositas
821 2897 1017 2972 vendiderit,
1041 2894 1139 2959 simul
1163 2899 1258 2979 atque
1283 2893 1388 2959 claves

205 3000 310 3072 horrei
344 2992 510 3066 tradiderit
542 3002 695 3085 emptori,
726 3002 875 3067 transfert
904 3003 1130 3087 proprietatem
1160 3001 1314 3064 mercium
1347 3000 1387 3064 ad

205 3111 391 3191 emptorem.
436 3105 507 3171 Hoo
542 3104 681 3190 amplius
714 3107 875 3172 interdum
907 3115 939 3172 et
973 3109 1007 3171 in
1035 3108 1188 3172 incertam
1219 3125 1423 3190 personamee

205 3211 357 3278 oolloeata
391 3212 539 3278 voluntas
569 3212 690 3276 domini
720 3212 870 3278 transfert
900 3214 947 3277 rei
976 3213 1222 3297 proprietatem:
1255 3216 1295 3275 ut
1317 3232 1387 3276 esee

203 3322 362 3405 praetores
382 3317 436 3384 vel
458 3317 616 3396 eonsules,
642 3320 697 3404 qui
719 3318 854 3384 missilia
872 3321 993 3383 iactant
1010 3319 1045 3382 in
1065 3316 1201 3405 vulgus,
1223 3319 1386 3404 ignorant,
1467 3335 1468 3408 j

204 3424 281 3509 quid
303 3444 412 3488 eorum
435 3426 568 3509 quisque
592 3427 780 3508 excepturus
803 3426 864 3503 sit,
886 3428 919 3488 et
937 3429 1060 3501 tamen,
1082 3425 1158 3508 quia
1176 3422 1291 3490 volunt
1303 3420 1386 3507 0001

204 3531 337 3615 0010000
372 3531 530 3614 exceperit
563 3532 632 3595 0100
666 3550 750 3607 0000,
786 3533 896 3595 statim
932 3551 1006 3594 eum
1040 3529 1203 3594 dominum
1234 3527 1384 3594 efficiunt.

206 3634 276 3714 Qua
305 3637 426 3700 ratione
449 3636 555 3701 verius
578 3656 645 3701 0000
667 3634 796 3701 videtur
819 3641 867 3714 et,
892 3637 919 3700 si
942 3656 1010 3700 rem
1032 3655 1090 3720 pro
1114 3634 1265 3700 derelicto
1290 3655 1308 3700 0
1331 3634 1418 3699 doit

205 3743 293 3808 mino
327 3741 470 3806 habitam
505 3742 707 3826 ooeupaverit
737 3744 826 3826 0010,
857 3744 967 3807 statim
999 3763 1072 3806 eum
1104 3739 1269 3805 dominum
1294 3739 1382 3805 effioi.
1466 3785 1467 3788 κ

205 3867 263 3933 pro
285 3846 436 3912 derelicto
460 3849 566 3912 autem
588 3847 741 3924 habetur,
766 3847 851 3933 quod
874 3849 1021 3913 dominus
1041 3867 1077 3913 ea
1094 3850 1201 3911 mente
1218 3847 1385 3925 abiecerit,

205 3957 243 4018 ut
271 3953 306 4017 id
333 3973 439 4018 rerum
469 3972 598 4017 suarum
627 3971 694 4018 esse
716 3950 832 4029 nollet,
855 3953 990 4038 ideoque
1013 3953 1123 4017 statim
1147 3952 1295 4018 dominus
1319 3973 1386 4018 esse

203 4057 329 4124 desinit.
375 4057 451 4124 Alia
473 4078 566 4124 eausa
588 4061 637 4124 est
660 4078 769 4124 earum
791 4080 915 4137 rerum,
937 4060 1070 4144 quaein
1089 4063 1279 4144 tempestate
1290 4059 1384 4125 maris

1459 4409 1465 4574 1
