2916 4604
234 77 300 144 204
581 99 664 148 mss.
684 81 740 146 111.
764 81 870 165 mss
884 79 1026 145 10-12.

225 276 354 338 centum
377 273 502 338 dierum
525 270 625 338 dedit.
673 272 717 338 Ei
739 273 766 338 si
789 273 874 336 intre
895 271 955 336 hoc
974 275 1102 357 tempus
1121 269 1237 354 uliquis
1255 270 1343 335 bono
1355 273 1419 354 (do

221 399 295 444 rum
325 380 552 464 possessionem
575 400 638 444 non
659 379 805 464 petierit,
830 376 972 443 eiusdem
995 378 1114 466 gradus
1132 379 1273 462 personis
1299 377 1396 442 odore-

223 487 302 550 scii:
326 483 379 552 vel
399 487 426 550 si
447 506 541 551 nemo
564 489 607 552 sit
630 487 794 571 deinceps,
819 487 951 551 coeteris
969 485 1100 570 proinde
1118 485 1273 550 bonorum
1286 505 1396 569 posses

225 593 346 657 sionem
370 613 408 658 ex
431 595 621 659 successorio
644 593 747 658 edicto
766 591 950 678 pollicetur,
970 612 1006 657 sc
1029 593 1105 658 siis
1126 593 1181 676 qni
1200 591 1398 677 praecedebat

223 719 263 763 ex
287 720 323 765 eo
346 719 479 764 numero
502 720 565 764 non
588 704 678 764 esset.
727 700 755 763 si
778 700 849 784 quis
871 699 980 783 itaque
1003 697 1142 764 deletum
1164 699 1229 764 sibi
1251 697 1398 762 bonorum

224 807 451 890 possessionem
483 805 716 890 repudiaverit,
738 826 801 871 non
825 825 987 889 quousque
1010 809 1138 889 tempus
1159 804 1317 870 bonorum
1339 824 1400 888 pos-

223 912 352 976 sessioni
373 909 575 996 praefinitum
597 913 764 978 excesserit
791 915 994 996 expectetur,
1018 911 1073 977 sed
1096 914 1207 976 sisoim
1231 913 1348 976 coeteri
1369 932 1400 974 en

225 1016 336 1083 eodem
360 1017 462 1083 edicto
485 1019 710 1085 admittuntur.
758 1016 796 1083 In
819 1018 953 1102 petendo
975 1023 1082 1083 sutem
1108 1009 1265 1083 bonerum
1284 1018 1420 1102 posuis

226 1125 362 1191 sessione
385 1124 451 1190 dies
473 1123 571 1191 utiles
594 1124 715 1213 singuli
739 1123 985 1191 considerentur.
1032 1123 1095 1189 Sed
1116 1125 1196 1190 hene
1217 1124 1420 1209 euterio-(dn

104 1323 106 1328 ,
224 1250 275 1296 res
304 1231 462 1316 principes
497 1235 529 1296 ei
561 1231 637 1296 huic
661 1253 772 1297 cousus
793 1231 1016 1318 providerunt,
1039 1252 1079 1296 ne
1103 1233 1175 1316 quis
1195 1250 1254 1316 pro
1277 1232 1402 1315 petendo

225 1337 382 1403 bonorum
398 1341 591 1422 possessione
610 1344 717 1422 curet,
737 1339 812 1415 sed,
835 1358 1034 1424 quocumque
1051 1338 1147 1403 modo
1165 1340 1193 1403 si
1209 1337 1402 1402 admittendis

226 1464 297 1509 cem
326 1443 485 1509 indicium
516 1447 600 1510 intre
623 1451 744 1511 statuta
767 1450 874 1512 temon
896 1453 1040 1530 tempore
1062 1444 1257 1528 ostenderit,
1282 1442 1403 1530 plenun

228 1548 344 1615 hebeat
366 1569 477 1615 eorum
503 1550 703 1618 beneficium.
