3024 4574
211 24 255 91 40
307 110 308 115 ἵ
607 41 691 90 rcsr.
714 22 740 88 Ι.
764 39 797 86 x.
820 21 856 104 ξς
869 17 988 84 3-11.

256 215 377 279 Fratris
403 211 457 277 rel
483 215 596 277 sororis
626 209 727 275 filiam
750 230 883 274 uxorem
907 207 1020 272 ducere
1042 225 1104 269 non
1126 204 1211 268 licet.
1248 192 1302 267 ssd
1324 225 1407 271 neca
1482 203 1483 238 i

207 323 337 404 neptem
365 317 472 382 fratris
498 317 551 384 vel
582 318 695 382 sororis
727 316 841 380 ducere
866 315 937 399 quis
960 317 1079 397 potest,
1103 310 1250 394 quamvis
1272 315 1376 392 quarto

210 425 314 511 gradu
343 427 418 489 sint.
460 427 551 488 errius
582 424 668 488 enim
697 419 798 486 filiam
827 440 960 485 uxorem
983 418 1097 482 ducere
1119 435 1181 480 non
1202 414 1293 491 licet,
1314 417 1378 480 eius

211 551 313 614 neque
335 535 465 613 neptem
487 531 704 614 permittitur.
726 529 795 592 eius
812 546 888 592 vero
905 524 1069 600 mulieris,
1090 541 1187 606 quam
1204 525 1293 605 pater
1310 525 1381 584 tuus
1482 519 1483 572 i

207 636 389 720 adoptarit,
425 633 525 699 filiam
560 655 622 699 non
655 633 774 699 rideris
808 630 958 716 impediri
987 648 1120 694 uxorem
1143 626 1281 709 ducere,
1311 627 1382 710 quic
1482 641 1483 736 ἶ

210 761 313 824 neque
352 740 491 806 naturali
522 760 624 824 neque
658 737 748 804 cirili
782 740 851 803 inre
885 737 948 802 tibi
982 735 1196 820 coniungitur.
1242 730 1384 796 Duorum

129 913 131 918 .
210 852 321 912 autem
351 847 488 911 fratrum
518 844 571 910 vel
601 864 744 910 sororum
773 843 867 909 liberi
897 841 951 907 rel
972 842 1080 906 fratris
1103 846 1135 905 at
1158 839 1272 904 sororis
1294 837 1384 922 iungi
1482 859 1483 890 1

211 957 354 1037 possunt.
399 949 484 1016 ltem
521 954 656 1016 amitam
689 948 767 1015 licet
800 938 994 1040 adoptiram
1018 967 1151 1012 uxorem
1182 944 1297 1009 ducere
1325 963 1416 1007 nona

210 1055 302 1126 licet.
336 1059 417 1122 item
451 1061 675 1132 materteram,
711 1059 786 1140 qnia
815 1063 984 1141 parentum
1014 1051 1084 1124 loco
1114 1050 1283 1116 habentur.
1328 1068 1387 1133 qua
1482 1057 1483 1092 ³

210 1165 333 1228 ratione
355 1183 468 1228 verum
490 1167 538 1228 est
556 1183 708 1249 magnam
729 1182 852 1246 quoqne
871 1164 1006 1227 amitam
1025 1154 1058 1225 et
1067 1161 1282 1240 materteram
1300 1174 1387 1240 mag·
1482 1207 1483 1212 ,

132 1271 134 1276 ’
211 1289 287 1332 nam
317 1268 478 1353 prohiberi
508 1289 641 1334 uxorem
668 1267 791 1333 ducere.
837 1265 1022 1333 Adfinitatis
1044 1241 1106 1352 quo
1129 1283 1170 1328 ue
1192 1263 1423 1326 venerationes
1482 1275 1483 1326 1

212 1375 409 1458 quarundam
438 1377 559 1459 nuptiis
591 1374 747 1439 abstinere
778 1394 903 1440 necesse
933 1378 991 1438 est.
1037 1379 1074 1438 ut
1105 1271 1391 1670 Nivignm

215 1485 271 1543 aut
299 1500 417 1543 nurum
447 1499 579 1545 uxorem
607 1479 720 1545 ducere
742 1477 921 1563 nonlicet,
945 1481 1192 1563 quiaut'raeque
1216 1470 1304 1566 filiae
1326 1470 1391 1536 1000

212 1590 295 1648 sunt.
343 1585 427 1669 quod
457 1583 579 1650 scilicet
607 1587 653 1650 ita
684 1587 784 1671 accipi
815 1584 944 1663 debeat,
977 1587 1005 1648 si
1032 1584 1096 1664 fuit
1123 1602 1223 1648 nurus
1250 1585 1307 1642 aut
1329 1580 1389 1662 pri·
1482 1599 1483 1676 p

213 1693 329 1778 rigna:
353 1689 429 1755 nam
446 1681 480 1754 ¹si
503 1689 606 1755 adhuc
629 1712 728 1756 nurus
751 1697 815 1767 est,
840 1690 872 1755 id
898 1697 946 1756 est
968 1693 997 1754 si
1016 1689 1119 1755 adhuc
1137 1695 1239 1773 nupta
1281 1690 1311 1748 st
1330 1681 1394 1748 filio
1482 1683 1483 1742 i

214 1801 288 1870 tuo,
319 1794 383 1860 alia
412 1797 533 1860 ratione
563 1816 695 1860 uxorem
723 1817 794 1863 eam
821 1796 934 1862 ducere
955 1816 1017 1861 non
1039 1797 1156 1882 possis,
1181 1681 1395 1960 quiQm

217 1901 339 1967 duobus
362 1906 462 1986 nupta
485 1920 552 1965 esse
573 1920 636 1965 non
658 1907 779 1986 potest:
803 1903 883 1968 item
907 1905 935 1967 si
958 1901 1060 1967 adhuc
1083 1903 1232 1987 privigna
1256 1906 1314 1966 tua
1368 1902 1394 1970 t,

214 2007 249 2071 id
280 2011 328 2072 θεῖ
356 2009 385 2070 si
411 2011 515 2070 mater
545 2007 613 2071 eius
644 2008 705 2072 tibi
726 2013 827 2092 nupta
848 2013 913 2090 est,
937 2007 1008 2072 ideo
1030 2026 1100 2071 eam
1123 2026 1256 2071 uxorem
1281 1961 1396 2108 duciaco

218 2132 281 2177 non
298 2113 435 2197 poteris,
460 2113 535 2196 quia
558 2112 636 2178 duas
658 2133 772 2178 uxores
795 2113 905 2178 codem
927 2118 1070 2196 tempore
1093 2111 1208 2177 hebere
1227 2111 1397 2196 nonlicet

213 2215 346 2283 Sacrum
379 2237 503 2302 quoque
535 2224 567 2282 et
596 2237 765 2284 novercam
794 2217 994 2304 prohibitum
1024 2223 1073 2282 est
1101 2237 1234 2282 uxorem
1259 2217 1379 2282 ducere
1387 2207 1428 2300 '3³

214 2324 289 2406 quia
309 2325 425 2388 matris
448 2321 518 2387 loco
541 2330 626 2389 sunt.
662 2323 745 2409 quod
768 2328 800 2388 θῖ
822 2325 930 2409 ipsum
954 2322 1108 2389 dissoluta
1131 2323 1263 2388 demum
1288 2319 1413 2412 adnm,

126 2493 136 2505 Δ,
213 2432 280 2493 tate
309 2429 484 2513 procedit(
501 2427 643 2513 alioquin
674 2432 702 2493 si
733 2429 836 2494 adhuc
859 2448 993 2494 noverca
1016 2412 1082 2506 est,
1107 2429 1141 2493 id
1165 2433 1213 2493 est
1236 2431 1265 2492 si
1290 2427 1398 2492 adhue

215 2536 299 2619 patri
322 2538 379 2598 tuo
401 2543 501 2619 nupta
525 2539 590 2617 cst,
614 2537 778 2600 communi
796 2538 866 2600 iure
886 2535 1062 2619 impeditur
1083 2535 1145 2598 tibi
1166 2533 1304 2611 nubere,
1326 2535 1405 2618 quia

214 2640 326 2704 eadem
350 2639 473 2738 duobus
495 2627 602 2724 nupta
614 2661 694 2723 asse„
708 2660 770 2705 non
793 2647 914 2725 potest:
934 2643 1014 2706 item
1035 2643 1064 2705 si
1084 2640 1186 2705 adhuc
1205 2659 1316 2704 socrus
1336 2643 1404 2714 est,

214 2745 248 2809 id
283 2753 331 2809 est
365 2747 393 2810 si
427 2745 529 2828 ¹adhuc
560 2743 627 2833 tilia
658 2747 726 2810 eius
756 2746 819 2810 tibi
848 2754 948 2831 nupta
978 2752 1045 2820 est,
1077 2746 1147 2811 ideo
1179 2744 1406 2829 impediuntur
1440 2829 1441 2832 Ἴ

89 2859 91 2862 ’
215 2851 362 2934 nuptiae,
395 2851 470 2934 quia
499 2849 579 2915 duas
608 2871 721 2916 uxores
752 2851 867 2917 habere
898 2873 960 2917 non
991 2855 1100 2938 possis.
1148 2851 1263 2918 Mariti
1290 2854 1441 2914 tamena

215 2953 302 3020 filius
333 2977 372 3020 ex
400 2955 466 3034 etia
493 2975 590 3021 uxore
621 2962 653 3022 et
683 2959 793 3022 uxoris
822 2955 889 3022 filia
922 2979 961 3023 ex
989 2957 1051 3024 aiio
1074 2961 1191 3023 marito
1215 2956 1269 3022 vel
1292 2959 1405 3020 contra

214 3063 454 3126 matrimonium
477 3067 561 3128 recte
585 3061 791 3146 contrahunt,
814 3061 891 3129 iicet
913 3064 1051 3129 habeant
1069 3063 1200 3128 fratrem
1219 3081 1405 3128 sororemve

216 3187 255 3232 ex
277 3169 480 3233 matrimonio
502 3173 611 3253 postea
634 3174 792 3234 contracto
815 3175 914 3235 natos.
951 3167 987 3234 Si
1009 3191 1089 3234 uxor
1112 3176 1168 3234 tua
1189 3179 1261 3254 post
1286 3167 1398 3233 diror-
1422 3186 1436 3228 a

217 3275 300 3337 tium
323 3293 362 3338 ex
385 3271 448 3338 aiio
471 3271 570 3355 filiam
593 3277 819 3359 procreaverit,
841 3274 919 3340 haec
942 3295 1004 3340 non
1028 3283 1075 3340 est
1098 3275 1226 3360 quidem
1244 3275 1401 3362 privigna

217 3385 291 3443 tua:
321 3379 377 3442 sed
406 3377 549 3445 Iulianus
571 3379 755 3445 huiusmodi
777 3383 898 3465 nuptiis
919 3381 1074 3448 abstinere
1099 3381 1211 3446 debere
1234 3383 1297 3446 ait:
1323 3399 1399 3444 nam

213 3506 273 3552 nee
296 3504 442 3568 sponsam
464 3483 525 3550 filii
546 3507 662 3552 nurum
681 3506 748 3552 θεεθ
764 3508 821 3552 11θθ
840 3490 940 3572 petris
959 3507 1104 3572 sponsam
1125 3505 1296 3551 novercam
1316 3503 1401 3560 θεεθ,

217 3592 335 3656 rectius
365 3596 472 3656 tamen
502 3601 535 3657 et
561 3595 631 3658 iure
660 3591 798 3658 facturos
825 3612 894 3669 eos,
922 3595 981 3678 qui
1008 3591 1192 3657 huiusmodi
1213 3591 1341 3674 nuptiis
1364 3587 1410 3653 sa

219 3696 440 3761 abstinuerint.
487 3695 572 3761 Illud
615 3704 737 3762 certum
779 3704 828 3763 est
865 3698 997 3764 serviles
1032 3717 1154 3782 quoque
1190 3697 1398 3783 cognationes
1421 3711 1446 3754 u

217 3789 444 3886 impedimento
470 3823 537 3868 esse
569 3804 707 3888 nuptiis,
741 3807 770 3868 si
798 3805 878 3869 forte
910 3809 1000 3890 pater
1022 3808 1055 3869 et
1076 3801 1143 3867 filia
1166 3809 1222 3867 aut
1243 3801 1346 3866 frater
1368 3803 1400 3863 et
1481 3859 1483 3886 ι

217 3928 304 3973 soror
325 3910 512 3974 manumissi
535 3907 663 3980 fuerint.
710 3908 793 3975 Sunt
815 3915 847 3975 et
870 3910 950 3976 aliae
972 3931 1138 3996 personae,
1162 3929 1242 3995 quae
1265 3909 1396 3994 propter
1417 3923 1440 3965 11

219 4015 363 4082 diversas*
389 4017 526 4082 rationes
549 4017 677 4102 nuptias
699 4015 880 4083 contrahere
901 4016 1126 4102 prohibentur,
1150 4035 1227 4101 quaa
1247 4015 1285 4080 in
1307 4011 1400 4081 libris

1412 4216 1453 4268 Γ
1482 4217 1483 4290 i
