2894 4616
211 25 278 98 440
601 42 685 96 mer.
709 25 764 111 IV,
788 42 844 96 xv.
868 26 905 113 ξς
928 21 1026 94 6-8.

253 241 431 288 armorum
456 225 573 286 autem
598 214 834 311 appellatione
859 240 932 286 non
958 213 1073 286 solum
1092 224 1192 286 scuta
1211 223 1249 285 et
1268 211 1383 312 gladios

74 371 78 380 ·
205 345 241 402 et
266 330 387 436 galeas
412 327 607 426 significari
633 327 893 426 intellegimus,
918 327 981 400 sed
1006 339 1043 399 et
1066 327 1178 399 firstes
1200 338 1239 398 et
1258 327 1384 423 lapides.

205 443 328 514 'l'ertia
358 443 485 514 divisio
511 440 780 512 interdictorum
806 441 895 513 haee
921 451 994 527 est,
1020 442 1115 539 quod
1141 453 1201 512 aut
1228 441 1404 536 simplieiai

206 567 288 627 suut
321 568 381 627 aut
412 553 582 651 duplicia.
633 555 810 652 simplicia
844 563 944 650 suut,
970 555 1079 626 veluti
1100 558 1137 625 in
1163 553 1295 652 quihm
1319 553 1387 623 alter

206 679 325 756 actor,
360 668 450 740 alter
483 693 564 738 reus
599 678 672 738 est:
707 667 825 766 qualia
852 679 934 740 sunt
959 669 1077 740 omnia
1104 669 1322 740 restitutoria
1344 677 1388 736 aut

206 777 435 854 exhibitor-ia:
465 807 618 880 namque
644 791 744 853 actor
770 794 844 870 est,
870 783 932 881 qui
957 780 1137 854 desiderat
1161 793 1223 852 aut
1250 779 1388 852 exhiberi

203 907 264 966 aut
297 896 453 983 restitui,
489 921 570 966 reus
603 896 654 990 is,
686 921 705 965 a
733 922 804 994 quo
830 893 1069 981 desideratur,
1095 907 1134 966 ut
1157 896 1324 966 restituat
1344 905 1389 963 aut

203 1008 377 1081 exhibeat.
416 1007 731 1106 prohibitoriomm
768 1019 885 1078 autem
920 1007 1187 1080 interdictorum
1214 1007 1288 1078 alia
1312 1008 1389 1077 sim-

204 1121 309 1220 plicia
336 1134 437 1209 sunt,
464 1121 533 1192 alia
554 1119 721 1219 duplicia.
758 1119 933 1219 simplicia
955 1133 1057 1208 sunt,
1079 1119 1187 1192 veluti
1212 1147 1297 1192 eum
1310 1145 1389 1215 pro-

203 1235 302 1311 hibet
332 1247 475 1333 praetor
498 1237 535 1305 in
560 1233 642 1306 loeo
669 1261 772 1305 sacro
799 1233 856 1306 vel
880 1235 917 1304 in
943 1233 1085 1305 llumiue
1110 1231 1261 1330 publico
1289 1235 1390 1329 ripave

201 1350 277 1420 eius
309 1348 443 1446 aliquid
476 1347 573 1442 lieri,
599 1373 681 1417 uam
707 1358 808 1418 actor
832 1359 906 1432 est,
933 1349 993 1444 qui
1018 1346 1219 1434 desiderat,
1248 1344 1390 1443 nequid

166 1507 169 1512 ·
200 1461 409 1556 liat‚1·eus,
436 1462 496 1559 qui
522 1460 656 1559 aliquid
682 1461 801 1532 faeere
827 1471 991 1533 conatur:
1015 1460 1171 1557 duplicia
1192 1471 1282 1532 sunt
1301 1459 1392 1530 velud

201 1577 252 1646 uti
286 1572 477 1671 possidetis
507 1573 732 1645 interdictum
768 1585 803 1644 et
834 1573 962 1646 utrubi.
996 1574 1076 1646 ideo
1102 1586 1222 1645 autem
1251 1573 1392 1668 duplicia

200 1699 391 1772 vocantur,
425 1689 508 1785 quia
540 1713 605 1784 par
639 1689 821 1785 utriusque
854 1687 1042 1786 litigatoris
1074 1689 1113 1757 iu
1145 1686 1202 1757 his
1241 1685 1389 1756 condicio

201 1811 255 1872 est
288 1827 353 1872 nee
387 1802 575 1899 quisquam
608 1802 796 1896 praecipue
832 1826 913 1872 reus
948 1800 1004 1871 vel
1035 1811 1135 1872 actor
1158 1799 1390 1898 intellegitur,

201 1913 263 1986 sed
290 1916 531 2012 uuusquisque
556 1923 627 1984 tam
653 1915 704 1984 rei
729 1939 835 2011 quam
860 1915 992 1985 actoris
1017 1924 1154 2009 partem
1179 1916 1344 1985 sustinet

247 2027 295 2093 De
330 2029 439 2092 ordine
473 2035 506 2093 et
538 2031 641 2095 veteri
676 2029 766 2093 exitu
800 2029 1045 2094 interdictorum
1080 2049 1322 2114 supervacuum
1350 2033 1409 2092 asts

202 2133 297 2201 hodie
327 2134 447 2200 dicere:
479 2153 555 2198 nam
586 2135 731 2217 quotiens
761 2140 851 2200 extra
880 2135 1024 2200 ordinem
1051 2137 1103 2199 ius
1126 2135 1270 2209 dieitur,
1296 2135 1389 2219 qualia

201 2245 276 2305 eunt
305 2238 400 2304 hodia
429 2241 537 2304 omnia
565 2239 705 2324 iudicia,
735 2261 798 2306 uon
829 2244 877 2305 est
907 2260 1032 2306 neeesse
1056 2240 1146 2306 reddi
1170 2242 1386 2316 interdictum,

202 2345 257 2410 sad
288 2344 417 2430 perinde
446 2344 608 2412 iudicatur
637 2349 704 2411 sine
734 2347 929 2422 interdictis,
960 2351 1056 2430 atque
1080 2349 1109 2412 si
1130 2347 1227 2412 utilia
1253 2350 1336 2412 aetio
1356 2367 1388 2410 ex

201 2470 296 2516 eausa
320 2451 483 2517 interdicti
505 2451 629 2517 reddita
650 2452 773 2517 fuisset.
