2916 4604
619 66 700 115 msr.
726 47 781 113 HL
808 67 837 115 r.
863 47 1010 133 §§l-5.

772 289 849 374 vu.

508 460 558 517 DE
581 457 827 518 SUOCESSIONE
849 459 1113 518 oooNAToRUM.

263 619 339 686 Post
371 642 443 687 suos
474 621 604 686 heredes
638 641 768 704 eosque,
801 640 878 705 quos
909 623 991 685 inter
1021 641 1093 686 suos
1120 622 1251 687 heredes
1273 625 1384 706 praetor

220 732 251 790 et
275 729 516 792 constitutiones
539 731 670 802 vocant,
696 732 727 791 et
751 731 822 810 post
844 725 1007 813 legitimos
1029 765 1071 775 -
1092 748 1153 812 quo
1172 748 1304 791 numero
1322 730 1385 788 sunt

220 833 351 920 adgnati
380 839 411 898 et
435 834 488 909 hi,
514 854 591 918 quos
615 835 648 896 in
672 831 779 897 locum
802 833 1013 920 adgnatorum
1036 839 1103 898 tam
1128 855 1222 918 supra
1245 834 1329 897 dicta
1349 852 1386 894 se-

217 945 310 1003 natus
341 940 485 1005 consulta
515 960 610 1024 quam
637 946 743 1004 nostra
766 941 866 1003 erexit
889 942 1073 1004 constitutio
1099 978 1140 988 -
1164 941 1325 1024 proximos
1347 957 1386 1001 co·

216 1051 329 1132 gnatos
360 1052 484 1130 praetor
510 1050 612 1110 vocat.
661 1043 730 1124 Qua
759 1051 848 1129 parte
871 1045 1025 1110 naturalis
1048 1049 1193 1133 cognatio
1216 1050 1401 1130 spectatura

216 1173 290 1215 nam
324 1152 454 1238 adgnati
483 1155 585 1236 capite
615 1151 773 1216 deminuti
801 1154 918 1236 quique
941 1173 981 1216 ex
1002 1152 1053 1216 his
1076 1155 1235 1239 progeniti
1259 1157 1334 1216 sunt
1356 1172 1388 1214 er

175 1339 177 1344 Ι
213 1257 286 1344 lege
318 1259 483 1322 duodecim
514 1256 696 1322 tabularum
727 1259 810 1321 inter
832 1257 993 1345 legitimos
1015 1279 1078 1324 non
1101 1259 1275 1334 habentur,
1302 1257 1387 1322 seda

136 1373 138 1376 ’
214 1370 356 1447 praetore
376 1367 469 1429 tertio
490 1365 598 1428 ordine
615 1369 786 1445 vocantur,
809 1366 948 1448 exceptis
968 1362 1043 1428 solis
1063 1365 1288 1428 tantummodo
1301 1364 1388 1427 fratre

215 1475 246 1534 ot
269 1491 371 1536 sorore
391 1472 612 1554 emancipatis,
634 1490 696 1534 non
716 1471 814 1533 etiam
833 1469 943 1534 liberis
961 1491 1088 1554 eorum,
1110 1491 1186 1555 quos
1198 1471 1250 1535 lex
1263 1473 1388 1534 Anasta-

213 1577 301 1640 siana
332 1597 405 1641 cum
436 1575 586 1641 iratribus
616 1577 736 1662 integri
764 1577 842 1640 iuris
872 1579 1053 1641 constitutis
1083 1582 1176 1642 vocat
1200 1577 1332 1662 quidem
1355 1575 1388 1639 ad

213 1682 393 1768 legitimam
423 1681 530 1746 fratris
557 1682 767 1747 hereditatem
799 1684 866 1746 sive
897 1685 1024 1760 sororis,
1060 1704 1122 1747 non
1153 1686 1262 1768 aequis
1285 1690 1388 1748 tamen

213 1790 375 1872 partibus,
401 1787 455 1852 sed
479 1810 553 1852 cum
577 1787 684 1873 aliqua
708 1789 940 1866 deminutione,
962 1810 1057 1874 quam
1077 1789 1169 1854 facile
1182 1795 1229 1855 est
1241 1791 1388 1872 exipsius

214 1895 449 1958 constitutionis
472 1895 578 1959 verbis
602 1894 768 1981 colligere,
793 1894 865 1958 aliis
889 1916 963 1960 vero
983 1896 1129 1982 adgnatis
1148 1895 1309 1960 inferioris
1325 1915 1388 1982 gra·

214 2000 291 2076 dus,
316 1999 392 2064 licet
416 2002 527 2084 capitis
551 2001 802 2065 deminutionem
824 2004 908 2085 passi
931 2021 993 2066 non
1014 2008 1103 2078 sunt,
1128 2007 1236 2067 tamen
1260 2022 1315 2066 eos
1338 2022 1387 2065 an·

213 2107 335 2191 teponit
358 2111 390 2170 et
412 2106 523 2190 procul
546 2107 642 2171 dubio
662 2109 813 2194 cognatis.
849 2106 918 2171 Hos
930 2110 1045 2182 etiam,
1058 2111 1114 2192 qui
1126 2129 1180 2192 per
1192 2107 1342 2172 feminini
1352 2105 1404 2191 (da

211 2233 303 2277 serus
326 2233 472 2296 personas
496 2233 534 2277 ex
557 2219 733 2278 transverso
755 2215 941 2300 cognatione
960 2216 1158 2301 iunguntur,
1181 2214 1386 2301 tertiogradu

210 2320 424 2404 proximitatis
439 2322 566 2384 nomine
578 2324 703 2404 praetor
715 2319 754 2383 ad
767 2321 995 2385 successionem
1007 2325 1109 2386 vocat.
1145 2321 1253 2385 Liberi
1266 2341 1341 2404 quo·
1354 2318 1406 2402 (da

210 2446 286 2511 que,
320 2427 375 2510 qui
405 2427 440 2488 in
473 2426 622 2510 adoptiva
653 2424 777 2490 iamilia
808 2430 899 2509 sunt,
931 2427 970 2490 ad
1001 2426 1198 2491 naturalium
1222 2431 1386 2513 parentum

208 2532 418 2596 hereditatem
431 2531 490 2596 hoc
502 2532 612 2596 eodem
626 2531 728 2618 gradu
740 2537 902 2596 vocantur.
927 2531 1033 2619 Vulgo
1046 2535 1202 2616 quaesitos
1210 2531 1338 2595 nullum
1352 2532 1403 2618 (aa

143 2664 148 2668 ·
208 2639 323 2702 habere
355 2637 532 2724 adgnatum
563 2637 770 2701 manifestum
803 2643 867 2713 est,
893 2659 967 2703 cum
992 2637 1141 2725 adgnatio
1165 2659 1184 2702 a
1207 2642 1317 2722 patre,
1342 2657 1385 2701 co·

208 2746 318 2832 gnatio
342 2747 384 2808 sit
407 2765 425 2808 a
448 2749 567 2819 matre,
593 2743 627 2806 hi
651 2749 759 2808 autam
780 2743 909 2808 nullum
929 2749 1052 2830 patrem
1073 2744 1188 2809 habere
1201 2743 1385 2830 intellegun-

208 2856 271 2914 tur.
319 2851 428 2914 eadem
452 2853 573 2914 ratione
595 2870 652 2913 nec
675 2851 758 2914 inter
781 2871 814 2914 se
838 2851 966 2934 quidem
991 2858 1121 2936 possunt
1140 2850 1243 2915 videri
1265 2871 1384 2914 consan-

207 2958 318 3043 guinei
349 2940 432 3031 ossei
465 2957 539 3040 quia
571 2957 855 3042 consanguinitatis
883 2958 933 3020 ius
957 2959 1077 3041 species
1101 2961 1148 3021 est
1172 2957 1382 3043 adgnationis:

206 3067 333 3126 tantum
356 3064 458 3148 igitur
483 3063 611 3148 cognati
634 3065 708 3125 sunt
732 3061 811 3144 sibi,
829 3064 913 3127 sicut
926 3065 1081 3127 otmatris
1094 3065 1246 3150 cognatis.
1281 3063 1382 3144 itaque

207 3168 355 3234 omnibus
383 3169 454 3231 istis
478 3189 513 3232 ea
537 3172 626 3252 parte
650 3170 802 3252 competit
826 3169 980 3232 bonorum
1005 3171 1176 3252 possessio,
1200 3189 1262 3252 qua
1285 3158 1381 3252 proxi-

205 3277 329 3339 mitatis
360 3275 487 3338 nomine
519 3276 645 3360 cognati
676 3278 839 3339 vocantur.
886 3273 957 3338 Hoc
980 3273 1048 3339 loco
1072 3279 1104 3338 et
1126 3274 1208 3338 illud
1231 3296 1330 3339 neces·
1344 3271 1397 3358 (ds

205 3385 287 3446 sario
307 3381 495 3445 admonendi
514 3401 625 3446 sumus
646 3380 846 3466 adgnationis
868 3380 995 3463 quidem
1016 3383 1084 3444 iure
1105 3380 1235 3444 admitti
1246 3379 1376 3464 aliquem

204 3488 244 3552 ad
271 3487 481 3552 hereditatem
506 3493 538 3552 et
563 3490 590 3551 si
622 3487 743 3550 decimo
767 3486 867 3573 gradu
891 3488 949 3562 sit,
976 3488 1041 3550 sive
1066 3486 1103 3550 de
1125 3485 1197 3572 lege
1222 3486 1377 3550 duodecim

205 3594 387 3660 tabularum
412 3614 615 3678 quaeramus,
643 3596 709 3656 sive
734 3592 772 3656 de
796 3592 897 3656 edicto
921 3612 983 3676 quo
1006 3598 1130 3677 praetor
1152 3590 1309 3679 legitimis
1328 3592 1373 3656 ha

203 3701 332 3766 redibus
363 3701 512 3764 daturum
537 3721 569 3763 se
593 3700 748 3764 bonorum
772 3699 999 3783 possessionem
1021 3697 1200 3782 pollicetur.
1235 3699 1371 3784 proximi-

190 3893 390 3901 ——ffl

233 4015 262 4084 l)
283 4014 408 4068 Tit'III
438 4016 468 4069 at
496 4015 536 4068 IV
566 4013 671 4068 videbis
699 4013 771 4066 infra
800 4013 942 4083 oppositos
971 4015 1121 4084 deperditis
1147 4033 1211 4086 pag.
1237 4015 1303 4080 132,
1331 4011 1371 4065 133

196 4102 261 4158 coo.
282 4105 346 4159 Ver.
