2880 4614
217 14 283 82 m
603 16 1016 105 1mmmma

208 201 358 304 patrono
380 202 586 281 debebatur.
625 211 744 308 itaque
767 235 847 281 cum
865 235 972 279 unum
987 207 1100 278 lilium
1112 206 1268 279 filiamve
1279 205 1378 280 here-

208 319 289 391 dem
336 316 517 418 reliquerit
550 321 718 416 libertus,
754 322 901 419 perinde
938 349 1021 420 pars
1060 322 1206 394 dimidia
1244 332 1380 419 patrono

179 448 182 452 '
208 430 423 520 debebatur,
451 461 491 506 ac
518 436 548 506 si
573 437 604 508 is
630 439 706 507 sine
731 435 805 506 ullo
831 435 906 507 lilio
927 435 1045 508 filiave
1065 437 1294 509 decessisset:
1313 463 1381 508 cum

207 548 296 619 duos
333 545 465 620 duasve
501 547 651 621 heredes
690 548 902 649 reliquerat,
942 551 1045 621 tertia
1083 578 1165 649 pars
1201 549 1384 622 debebatur

206 673 374 760 patronog
409 663 439 734 si
473 674 544 735 tres
579 663 792 762 reliquerat,
826 661 1066 761 repellebatur
1099 677 1282 762 patronus.
1329 665 1398 732 Sede

209 783 316 845 nostra
345 781 545 864 constitutio,
576 800 672 865 quam
704 797 761 865 pro
795 782 940 844 omnium
973 782 1100 846 notione
1131 778 1253 848 Graeca
1282 781 1383 868 lingna

209 885 431 972 compendioso
462 891 601 953 tractatu
631 887 742 954 habito
766 888 1021 972 composuimus,
1045 889 1092 953 ite
1114 887 1302 954 huiusmodi
1324 909 1383 953 cau·

208 1013 258 1058 sas
289 990 450 1072 definivit,
482 999 519 1059 ut
551 997 579 1060 ιι
603 994 733 1082 quidem
761 993 896 1060 libertus
919 993 973 1060 vel
992 994 1109 1060 liberta
1129 997 1269 1062 minores
1293 999 1383 1060 cente

208 1097 307 1166 mariis
338 1103 419 1179 sint,
453 1100 487 1165 id
519 1106 566 1166 est
595 1104 703 1166 minus
735 1105 864 1166 centum
896 1103 999 1166 aureis
1022 1101 1160 1170 habeant
1183 1103 1384 1168 substantiam

209 1243 250 1256 -
276 1207 321 1272 sic
352 1210 436 1273 enim
462 1206 545 1295 legis
572 1207 691 1293 Papiae
714 1228 876 1273 summam
898 1209 1098 1294 interpretati
1122 1230 1251 1287 snmus,
1277 1214 1317 1274 ut
1338 1230 1383 1294 pro

207 1310 299 1378 mille
317 1315 470 1382 sestertiis
490 1335 574 1380 unus
592 1333 706 1381 aurens
724 1318 927 1400 computetur
947 1351 1001 1393 —,
1018 1311 1147 1381 nullum
1158 1315 1266 1382 locum
1277 1317 1384 1382 habeat

209 1424 360 1504 patronus
389 1423 424 1486 in
457 1440 566 1487 eorum
598 1421 845 1500 successionem,
877 1423 904 1486 si
927 1426 1036 1487 temen
1059 1425 1291 1488 testamentum
1316 1423 1385 1488 fece·

209 1527 284 1592 rint.
334 1529 380 1592 sin
414 1532 524 1594 autem
554 1529 699 1593 intestati
730 1527 918 1593 decesserint
949 1527 1039 1594 nullo
1065 1527 1241 1595 liberorum
1262 1528 1384 1604 relicto,

207 1634 284 1696 tunc
314 1637 499 1717 patronatus
529 1635 600 1711 ius,
633 1633 717 1719 quod
749 1638 817 1699 erat
840 1654 879 1699 ex
902 1633 975 1722 lege
1000 1633 1385 1718 duodecimtabulerum,

208 1738 370 1826 integrum
403 1742 586 1808 reservavit
636 1759 712 1805 cum
745 1759 820 1806 vero
855 1741 992 1806 maiores
1025 1744 1213 1808 centenariis
1247 1743 1333 1820 sint,
1367 1743 1387 1804 si

210 1843 341 1912 heredes
376 1844 429 1913 vel
465 1847 619 1912 bonorum
654 1866 845 1932 possessores
878 1845 993 1913 liberos
1025 1847 1164 1914 habeant
1195 1850 1263 1915 sive
1295 1867 1387 1912 unum

210 1951 278 2016 sive
299 1951 406 2037 plures
430 1956 656 2038 cuiuscumque
679 1972 773 2018 sexus
795 1953 848 2019 vel
870 1953 1006 2041 gradus,
1031 1953 1071 2019 ad
1091 1974 1144 2021 eos
1162 1958 1384 2020 successionem

206 2063 374 2141 parentum
399 2059 607 2145 deduximus,
632 2060 781 2126 omnibns
803 2061 959 2145 pratronis
982 2075 1143 2126 unacum
1167 2082 1224 2126 sna
1243 2062 1385 2149 progenie

209 2167 350 2230 semotis.
399 2168 449 2232 sin
479 2171 588 2234 eutem
622 2167 690 2257 sine
719 2163 829 2230 liberis
859 2166 1068 2251 decesserint,
1100 2170 1128 2233 ιι
1158 2167 1292 2253 quidem
1316 2169 1385 2231 inte·

207 2273 303 2350 stati,
339 2270 378 2338 ed
402 2291 530 2339 omnem
553 2270 763 2338 hereditatem
785 2278 933 2358 patronos
955 2256 1164 2359 patronaeque
1188 2274 1384 2340 vocavimus:

210 2378 238 2443 ιι
267 2395 342 2445 vero
374 2384 604 2446 testamentum
633 2379 763 2465 quidem
788 2379 935 2458 fecerint,
959 2385 1107 2466 patronos
1131 2385 1240 2447 autem
1264 2377 1321 2448 vel
1342 2400 1385 2466 pa·

207 2487 314 2552 tronea
344 2488 583 2572 praeterierint,
616 2507 691 2551 cum
721 2485 826 2552 nullos
852 2485 968 2553 liberos
991 2487 1143 2554 haherent
1166 2487 1219 2555 vel
1241 2484 1385 2554 hahentes

209 2611 261 2658 ιοι
291 2592 569 2679 exheredarorint,
602 2592 655 2661 vel
675 2597 778 2659 meter
801 2595 869 2660 sire
890 2613 968 2660 crus
991 2599 1155 2661 maternus
1178 2616 1231 2662 ιοι
1254 2599 1383 2681 praeter·

205 2701 299 2780 ierit,
330 2703 377 2769 ita
409 2707 447 2767 ut
476 2721 538 2768 non
567 2702 689 2786 possint
720 2701 814 2788 argui
847 2699 1019 2766 inofficiosa
1050 2716 1160 2767 eorum
1181 2706 1382 2768 testamenta:

206 2811 283 2873 tunc
314 2827 353 2874 ex
384 2812 491 2875 nostra
524 2809 748 2875 constitutione
776 2826 833 2892 per
853 2807 1008 2873 bonorum
1031 2809 1259 2894 possessionem
1286 2813 1383 2875 contra

207 2913 333 2979 tabulas
359 2933 422 2980 non
449 2915 643 2992 dimidiam,
675 2918 712 2980 ut
744 2919 833 2992 ente,
859 2914 912 2980 sed
936 2916 1065 2981 tertiam
1088 2921 1211 3002 partem
1234 2917 1381 2982 bonomm

207 3015 317 3084 liberti
344 3025 590 3105 consequantur,
613 3019 665 3088 vel
689 3021 772 3106 quod
797 3021 885 3086 deest
908 3023 954 3087 ιιι
975 3043 1014 3088 ex
1036 3024 1262 3089 constitutione
1286 3027 1381 3088 nostra

155 3149 157 3156 ·
208 3125 382 3211 repleatur,
407 3126 434 3190 si
460 3126 585 3211 quando
608 3129 716 3191 minus
738 3129 834 3193 tertia
857 3132 946 3213 parte
969 3130 1277 3195 honorum-snorum
1297 3129 1379 3194 liber-

208 3234 261 3295 tus
288 3231 341 3296 vel
368 3231 484 3297 liberta
512 3234 557 3297 ιιι
587 3233 792 3318 reliquerint,
824 3236 871 3300 ite
902 3237 969 3300 sine
1000 3256 1111 3313 onere,
1140 3239 1178 3299 nt
1200 3255 1258 3300 nec
1282 3235 1380 3300 liberis

208 3331 317 3400 liberti
352 3337 525 3404 libertusve
558 3361 596 3405 ex
624 3360 661 3407 ee
691 3345 780 3426 parte
810 3341 917 3428 legata
946 3341 999 3408 vel
1029 3341 1275 3407 fideicommissa
1304 3361 1380 3426 prae-

208 3447 348 3524 stentur,
383 3445 437 3510 sed
472 3445 512 3510 ad
548 3446 713 3512 coheredes
744 3447 803 3512 hoc
835 3467 913 3512 onus
944 3448 1151 3514 redundaret:
1180 3445 1296 3513 multis
1319 3446 1378 3512 eliis

209 3551 333 3617 casibus
364 3572 382 3617 a
412 3549 504 3618 nobis
530 3554 565 3617 in
587 3553 728 3638 praefata
745 3555 970 3620 constitutione
994 3556 1212 3643 congregatis,
1238 3574 1316 3639 qnos
1336 3573 1379 3616 na·

210 3659 358 3723 cessarios
394 3679 461 3723 esse
492 3657 530 3723 ad
562 3658 746 3724 huiusmodi
773 3661 853 3725 iuris
884 3661 1123 3746 dispositionem
1155 3664 1375 3746 perspeximus:

84 3793 86 3799 .
208 3768 246 3826 ut
275 3767 341 3828 tam
373 3764 498 3848 patroni
529 3771 741 3852 patronaeque
772 3788 869 3854 quam
900 3765 994 3835 liberi
1026 3789 1136 3834 eorum
1168 3787 1226 3833 nec
1248 3788 1312 3833 non
1333 3766 1375 3850 qui

207 3889 247 3933 ex
276 3874 455 3937 transverso
488 3872 586 3937 latere
619 3875 752 3939 veniunt
787 3895 887 3960 usque
921 3874 959 3940 od
996 3876 1145 3960 quintum
1181 3874 1317 3962 gradum
1346 3870 1375 3936 ad

209 3979 438 4044 successionem
461 3978 664 4045 ·lihert0rum
696 3986 864 4058 vocentur,
901 3982 984 4045 sicut
1019 4001 1058 4046 ex
1095 4002 1132 4046 ee
1165 3982 1374 4047 oonst'tutione

207 4081 460 4173 intellegendum
498 4090 561 4153 est:
598 4089 635 4150 ιιι
668 4087 696 4150 ιι
731 4086 874 4153 eiusdem
906 4087 1030 4174 patroni
1065 4086 1119 4154 rel
1151 4091 1300 4176 petronae
1332 4081 1373 4152 rel
