2916 4604
216 51 280 119 raa
485 71 569 122 mss.
592 54 648 120 111.
672 74 704 120 v.
723 53 789 142 se.
812 75 854 122 vr.
880 78 927 142 pr.
953 52 1100 139 §er-5.

209 250 286 312 tatis
297 266 372 314 vero
383 247 511 310 nomina
522 245 573 310 bis
584 246 660 311 solis
672 250 796 331 praetor
806 247 966 331 promittit
978 246 1131 311 bonorum
1144 245 1368 330 possessionen,

209 355 263 437 qui
295 374 394 438 usque
421 353 461 417 ad
484 357 608 417 sextum
633 354 769 441 gradum
794 354 991 439 cognationis
1014 358 1105 430 sunt,
1131 357 1163 416 et
1186 372 1226 416 ex
1249 351 1371 436 septimo

209 479 227 522 a
249 460 374 526 sobrino
398 460 679 544 sobrinaquonato
702 466 844 525 nataeve.

773 630 827 696 VI.

523 771 573 829 DE
594 770 783 830 GRADIBUS
804 766 1070 828 caerimonia.

254 899 325 968 Hoc
356 903 424 968 loco
455 905 664 969 necessarium
697 908 744 967 est
774 923 946 988 exponere,
977 901 1244 988 quemadmodum
1270 898 1379 986 gradus

212 1011 408 1095 cognationis
438 1016 654 1075 numerentur.
701 1031 763 1095 qua
786 1012 820 1074 in
841 1030 875 1074 re
897 1011 1045 1094 inprimis
1067 1007 1255 1072 admonendi
1278 1025 1381 1070 sumus

213 1117 433 1202 cognationem
454 1115 551 1180 aliam
576 1136 670 1202 supra
689 1119 868 1189 numerari,
889 1103 986 1180 aliam
1003 1116 1100 1192 infra,
1123 1114 1221 1178 aliam
1239 1133 1280 1178 ex
1292 1117 1383 1176 trans

213 1241 320 1297 versa,
353 1243 433 1305 quae
462 1224 559 1287 etiam
589 1244 607 1287 a
633 1222 732 1288 latere
755 1224 881 1287 dicitur.
930 1225 1072 1307 superior
1093 1221 1239 1307 cognatio
1265 1222 1315 1283 est
1337 1238 1382 1302 pe

211 1332 358 1403 rentum,
388 1328 517 1393 inferior
546 1328 735 1407 liberorum,
769 1351 808 1394 ex
838 1335 1016 1395 transverso
1046 1329 1179 1393 fratrum
1203 1345 1382 1391 sororumve

213 1454 403 1518 eorumque,
440 1437 494 1518 qui
529 1457 568 1500 ex
600 1436 651 1500 his
683 1441 942 1524 progenerantur,
976 1440 1008 1500 et
1039 1437 1261 1501 convenienter
1282 1433 1385 1517 patrui

212 1542 330 1604 amitae
365 1540 515 1605 avunculi
548 1546 746 1607 materterae.
793 1548 825 1607 et
859 1545 1000 1627 superior
1034 1542 1162 1627 quidem
1198 1545 1230 1604 et
1260 1539 1386 1602 inferior

213 1648 359 1733 cognatio
395 1669 414 1711 a
447 1649 551 1731 primo
585 1649 687 1734 gradu
720 1650 850 1733 incipit:
886 1653 919 1713 at
955 1670 1008 1723 ea,
1038 1668 1118 1734 quae
1151 1669 1188 1711 ex
1211 1651 1386 1709 transverso

211 1758 412 1836 numeratur,
447 1774 466 1818 a
496 1755 641 1819 secundo.
687 1754 796 1818 Primo
827 1755 928 1842 gradu
959 1759 1006 1819 est
1037 1774 1130 1838 supra
1152 1757 1243 1838 pater
1266 1755 1401 1825 mater,r

133 1854 135 1859 ’
211 1859 294 1923 infra
316 1857 401 1925 filius
424 1859 500 1927 filia.
547 1859 690 1925 Secundo
714 1881 809 1945 supra
832 1881 911 1925 avus
935 1863 1022 1936 avia,
1046 1860 1129 1924 infra
1151 1880 1246 1943 nepos
1265 1860 1403 1942 neptas

212 1985 251 2028 ex
274 1969 451 2032 transverso
474 1968 570 2032 frater
592 1987 687 2031 soror.
735 1965 842 2032 Tertio
865 1987 959 2051 supra
981 1987 1117 2050 proavus
1140 1966 1285 2050 proavia,
1309 1964 1403 2027 inires

211 2091 364 2157 pronepos
394 2076 570 2157 proneptis,
603 2095 640 2138 ex
672 2079 849 2138 transverso
880 2073 986 2138 fratris
1016 2075 1190 2156 sororisque
1214 2069 1304 2134 filius
1327 2069 1386 2133 filia

213 2185 246 2242 ct
268 2182 488 2245 convenienter
508 2185 642 2265 patruus
665 2182 765 2244 amita
788 2179 964 2245 avunculus
982 2183 1161 2244 matertera.
1196 2182 1334 2261 patruus
1346 2183 1386 2240 est

214 2287 313 2368 patris
336 2285 448 2362 frater,
473 2289 527 2371 qui
552 2283 671 2351 Graece
695 2285 817 2365 πάτρως
840 2290 987 2351 vocatur:
1012 2283 1188 2350 avrmculus
1207 2289 1256 2347 est
1276 2285 1387 2347 matris

212 2390 326 2468 frater,
347 2395 402 2477 qui
421 2393 504 2478 apud
524 2390 660 2458 Graecos
679 2394 803 2477 proprie
822 2395 942 2471 μήτρως
959 2390 1152 2476 appellatur:
1167 2395 1198 2454 et
1209 2391 1386 2474 promiscue

212 2495 295 2568 θεῖος
331 2499 457 2563 dicitur.
506 2501 605 2565 amita
636 2505 683 2564 est
713 2502 813 2583 patris
843 2519 946 2575 soror,
978 2501 1148 2562 matertera
1179 2515 1254 2560 vero
1276 2497 1386 2559 matris
1442 2549 1443 2564 ,

212 2623 314 2670 soror:
338 2610 472 2690 utraque
495 2603 566 2670 θεία
587 2604 639 2670 vel
661 2606 745 2691 apud
764 2606 914 2690 quosdam
934 2602 1025 2677 τηθὶς
1045 2603 1232 2689 appellatur.
1270 2601 1404 2681 Quartor

211 2711 314 2797 gradu
346 2732 440 2797 supra
469 2712 587 2776 abavus
620 2712 750 2787 abavia,
775 2710 857 2775 infra
881 2711 1016 2796 abnepos
1040 2710 1203 2794 abneptis,
1228 2730 1268 2773 ex
1292 2713 1387 2771 trans-

213 2836 303 2880 verso
338 2816 444 2881 fratris
480 2819 656 2902 sororisque
690 2838 787 2904 nepos
819 2820 924 2902 neptis
955 2821 987 2882 et
1014 2818 1235 2882 convenienter
1257 2819 1386 2899 patruus

212 2942 349 3009 magnus
380 2925 480 2987 amita
510 2944 627 3010 magna
651 2962 693 2972 -
717 2925 751 2989 id
781 2929 829 2990 est
859 2925 913 2990 avi
945 2923 1041 2988 frater
1064 2927 1096 2988 et
1116 2942 1203 2987 soror
1226 2960 1287 2998 -,
1312 2921 1386 2984 item
1442 2981 1443 2998 ἶ

212 3027 388 3092 avunculus
419 3050 556 3116 magnus
582 3034 752 3095 matertera
779 3050 897 3116 magna
920 3069 962 3078 —
985 3030 1019 3094 id
1048 3033 1096 3094 est
1126 3031 1216 3094 aviae
1238 3028 1338 3092 frater
1359 3031 1387 3089 et
1441 3083 1443 3118 ÷

212 3152 298 3198 soror
329 3171 391 3216 —,
421 3135 623 3200 consobrinus
647 3137 831 3201 consobrina
854 3175 895 3183 —
917 3135 952 3200 id
975 3140 1023 3200 est
1046 3138 1102 3220 qui
1124 3155 1245 3220 quaeve
1269 3155 1307 3198 ex
1330 3133 1385 3197 fra-
1442 3197 1443 3202 ,

213 3239 316 3304 tribus
335 3245 403 3320 ,aut
434 3241 591 3306 sororibus
621 3247 868 3329 progenerantur
898 3279 951 3312 -.
985 3241 1039 3306 sed
1060 3241 1190 3326 quidam
1213 3245 1298 3304 recte
1320 3259 1386 3303 con·

212 3345 355 3412 sobrinus
386 3368 438 3412 eos
467 3350 591 3433 proprie
612 3352 725 3432 putant
748 3347 829 3425 dici,
854 3350 909 3432 qui
932 3367 971 3412 ax
994 3347 1117 3412 duabus
1140 3346 1299 3412 sororibus
1320 3365 1386 3431 pro-

212 3459 420 3539 generantur,
455 3456 544 3540 quasi
573 3457 803 3520 consororinos:
835 3476 887 3520 eos
914 3475 1008 3532 vero,
1042 3455 1096 3538 qui
1120 3473 1158 3517 ex
1182 3452 1306 3517 duobus
1327 3451 1383 3514 fra

214 3559 318 3624 tribus
340 3565 604 3648 progenerantur,
625 3563 748 3646 proprie
767 3561 878 3626 iratres
896 3560 1054 3645 patrueles
1066 3560 1171 3648 vocari
1186 3597 1227 3608 —
1241 3559 1270 3622 si
1281 3563 1384 3622 autem

212 3685 251 3729 ex
287 3666 410 3731 duobus
444 3667 593 3731 fratribus
626 3665 710 3732 filiae
739 3671 924 3740 nascantur,
957 3687 1075 3731 sorores
1101 3664 1260 3750 patrueles
1282 3662 1381 3749 appel-

211 3769 319 3836 lantur
333 3790 390 3835 -:
412 3778 445 3838 at
465 3793 532 3851 eos,
554 3775 609 3857 qui
629 3793 667 3838 ax
687 3773 782 3838 fratre
806 3778 837 3839 et
860 3758 963 3838 sorore
985 3777 1217 3860 propagantur,
1236 3769 1383 3836 'amitinos

210 3881 336 3963 proprie
367 3877 430 3943 dici
454 3915 496 3928 -
520 3883 637 3944 amitae
666 3885 740 3945 tuae
763 3878 824 3944 fflii
847 3880 1069 3946 consobrinum
1091 3884 1124 3943 te
1147 3876 1325 3964 appellant,
1348 3881 1383 3940 tu

210 3982 283 4048 iilos
308 3985 457 4049 amitinos
482 4023 545 4052 -.
572 3984 689 4065 Quinto
713 4007 807 4072 supra
827 3991 939 4052 atavus
956 3985 1174 4070 atavia,infra
1185 3983 1319 4069 adnepos
1329 3981 1397 4046 ari-s

209 4093 331 4176 neptis,
367 4111 406 4155 ex
439 4089 615 4158 transverso
650 4093 756 4158 fratris
789 4095 965 4178 sororisque
993 4113 1146 4178 pronepos
1168 4091 1327 4177 proneptis
1350 4093 1379 4153 et
