2894 4616
626 81 709 144 lucr.
733 65 878 164 ll',11v'.
902 67 991 167 Μ

1407 867 1408 960 l

613 1303 663 1362 DE
684 1302 1037 1362 REPLIOA'I'IONIBUS.

276 1440 460 1512 Interdum
495 1443 630 1535 evenit,
663 1453 702 1513 ut
735 1445 913 1540 exceptio,
950 1469 1040 1541 quac
1073 1445 1187 1538 prima
1213 1444 1326 1515 secie
1318 1455 1376 1513 ruste
1408 1423 1409 1484 l

226 1555 406 1650 videatur,
435 1557 556 1654 inique
586 1567 722 1627 noceat.
776 1555 873 1654 quod
900 1583 980 1628 cum
1007 1557 1158 1642 occidit,
1188 1556 1255 1628 ulie
1280 1557 1379 1654 allogi-

228 1669 323 1740 tione
357 1691 447 1766 opus
482 1680 535 1740 est
568 1668 757 1740 adiuvandi
793 1670 923 1741 actoris
959 1671 1093 1769 gratia,
1120 1695 1213 1767 quae
1238 1671 1376 1767 replicatio

223 1794 389 1878 vocatur,
409 1784 491 1882 quin
513 1807 576 1879 per
597 1807 673 1853 eam
696 1782 885 1880 replicatur
906 1793 1011 1881 atque
1033 1781 1223 1854 resolvitur
1238 1785 1288 1856 vis
1303 1809 1378 1854 exce-

226 1895 367 1992 ptionis.
419 1896 527 1968 veluti
557 1923 636 1968 cum
662 1907 786 1993 pectus
812 1907 866 1966 est
890 1894 1018 1994 aliquis
1045 1923 1123 1967 cum
1150 1896 1306 1968 debitore
1326 1922 1379 1987 suu⁷

226 2035 270 2080 nc
304 2007 349 2079 ab
385 2035 427 2080 eu
461 2011 645 2106 pecuniam
679 2019 795 2106 petat,
830 2008 958 2080 deinde
994 2022 1115 2106 posteo
1141 2012 1181 2082 in
1209 2012 1379 2082 contrarinn

223 2124 318 2218 pecti
349 2133 449 2212 sunt,
474 2122 511 2192 id
537 2133 590 2193 est
615 2135 655 2193 ut
678 2133 797 2219 petere
825 2121 991 2194 creditori
1016 2122 1140 2195 liceat:
1168 2127 1201 2195 si
1227 2135 1304 2223 aget
1324 2149 1380 2194 cre-
1409 2133 1410 2140 ’

225 2234 319 2306 ditor
353 2247 389 2307 et
424 2235 575 2331 excipiet
600 2234 759 2330 debitor,
784 2247 823 2306 ut
846 2237 893 2307 itu
919 2235 1060 2307 demum
1088 2237 1346 2322 condemnetur,
1363 2236 1379 2304 si

223 2376 296 2420 non
330 2351 553 2442 convenerit,
585 2373 630 2419 ne
664 2374 741 2420 eam
777 2351 960 2446 pecuniam
992 2350 1146 2421 creditor
1172 2361 1288 2449 petat,
1309 2359 1380 2420 nocet

221 2463 254 2532 ei
280 2465 460 2560 exceptio,
487 2463 655 2534 convenit
678 2462 772 2533 enim
798 2465 866 2534 itu:
896 2489 1048 2560 nemque
1079 2463 1194 2536 nihilo
1216 2465 1322 2536 minus
1338 2461 1378 2531 lut

221 2601 341 2647 verum
369 2588 507 2662 menet,
533 2574 619 2646 licet
642 2587 764 2672 postca
784 2577 833 2644 'iu
860 2577 1076 2646 contrarium
1102 2580 1198 2672 pacti
1225 2588 1317 2670 sunt3
1340 2571 1378 2644 sel

217 2689 298 2786 quin
324 2691 483 2788 iniquum
508 2701 562 2761 est
586 2691 796 2762 creditorem
823 2688 986 2782 excludi,
1011 2688 1196 2787 replicatio
1223 2694 1256 2763 ei
1278 2688 1381 2762 debitur

221 2825 262 2874 ex
296 2805 490 2900 posteriore
524 2815 629 2901 pacto
664 2815 850 2877 convento.
901 2805 1040 2876 Rursus
1073 2805 1256 2876 interdum
1279 2802 1377 2890 evenit,
1390 2805 1411 2870 tl

218 2928 256 2987 ut
288 2917 491 3014 replicatio,
524 2945 615 3017 quae
648 2920 760 3016 prime
794 2919 884 2992 secie
919 2921 1010 2990 iusta
1037 2920 1102 3005 sit,
1130 2921 1254 3018 inique
1278 2927 1378 2990 noceat.

221 3030 316 3128 quod
343 3057 422 3101 cnm
449 3026 599 3124 eccidit,
624 3033 691 3114 ¹ulio
718 3031 931 3132 allegatione
957 3057 1046 3130 opus
1072 3043 1126 3104 est
1151 3028 1333 3104 adiuvandi
1347 3026 1379 3097 rei

219 3143 352 3240 gretie,
380 3168 471 3242 qnae
496 3131 688 3242 duplicatio
714 3157 872 3219 vocetur.
