2964 4596
587 97 671 148 mar.
694 79 720 147 I.
744 98 801 146 111.
825 80 861 165 ἓξ
875 78 970 145 1-3.

731 267 820 334 ΧΙΠ.

660 418 710 478 Du
732 417 899 478 cucuma.

239 559 478 630 Transeamus
504 583 598 630 nunc
620 557 666 630 ad
685 559 790 630 aliam
809 558 1030 631 divisionem.
1050 585 1131 630 nam
1150 586 1193 630 ex
1210 560 1266 632 bis
1283 588 1368 658 per·

189 675 309 762 sonis,
334 698 424 771 quae
449 673 486 742 in
511 682 684 769 potestate
707 698 780 743 non
806 685 910 762 sunt,
937 671 1111 772 qrmedam
1128 672 1186 743 vel
1203 675 1240 744 in
1258 675 1366 747 tutela

189 797 271 860 aunt
296 784 353 858 vel
380 786 417 856 in
446 786 646 879 curatione,
674 784 847 884 quaedam
867 797 991 857 neutro
1010 787 1084 856 iure
1101 795 1275 857 tenentur.
1313 790 1371 859 vi·

191 899 337 971 (leamus
363 898 471 997 igitur
488 897 532 968 de
550 896 630 986 bis,
650 924 740 997 quae
758 898 795 968 in
813 897 920 970 tutela
940 898 997 970 vel
1015 899 1053 968 in
1072 899 1252 971 curatione
1270 911 1367 971 sunt:

189 1015 237 1084 ita
263 1012 357 1082 enim
384 1009 631 1109 intellegemus
659 1021 793 1083 ceteras
820 1039 1012 1108 personas,
1036 1038 1127 1110 quae
1149 1021 1274 1084 neutro
1292 1014 1368 1084 iure

184 1134 360 1197 tenentur.
399 1150 441 1194 ac
459 1125 556 1221 prius
574 1123 801 1222 dispiciamus
822 1124 866 1195 de
884 1123 939 1194 bis
949 1174 963 1213 ‚
981 1151 1071 1223 quae
1090 1126 1127 1194 in
1145 1125 1253 1195 tutela
1272 1138 1364 1198 sunt.

189 1238 250 1306 Est
281 1242 390 1314 autem
421 1239 542 1318 tutela,
565 1244 602 1305 ut
626 1237 756 1306 Servius
780 1237 942 1322 delinivit,
965 1239 1016 1303 ius
1040 1259 1075 1303 ac
1099 1243 1237 1323 potestas
1260 1242 1295 1304 in
1315 1261 1399 1306 cai

189 1348 257 1431 pite
280 1343 379 1410 libero
403 1344 443 1410 ad
465 1346 619 1411 tuendum
643 1365 735 1422 eum,
760 1346 816 1428 qui
837 1348 966 1428 propter
988 1347 1125 1408 aetatem
1146 1364 1179 1408 se
1202 1345 1367 1412 defendere

190 1453 317 1536 nequit,
341 1452 410 1516 iure
434 1449 524 1517 civili
547 1449 621 1515 data
643 1470 679 1514 ao
701 1451 866 1535 permissa.
912 1447 1046 1514 'luteres
1069 1454 1178 1515 autom
1200 1456 1290 1528 sunt,
1310 1454 1405 1537 quia

191 1577 262 1622 oam
294 1559 364 1622 vim
394 1577 431 1621 ac
460 1559 651 1641 potestatem
686 1555 821 1632 habent,
846 1576 885 1620 ex
909 1575 970 1640 qua
993 1576 1027 1620 re
1050 1557 1120 1641 ipsa
1141 1576 1258 1621 nomen
1280 1578 1368 1643 cepe·

190 1668 277 1752 runt.
322 1663 430 1746 itaque
461 1659 661 1746 appellantur
691 1665 812 1727 tutores
843 1663 933 1746 quasi
954 1663 1088 1727 tuitores
1111 1667 1207 1748 atque
1229 1663 1368 1730 defenso-

190 1788 257 1845 res,
283 1770 365 1833 siout
386 1767 508 1833 aeditui
531 1765 680 1844 dicuntur
702 1768 758 1851 qui
779 1767 871 1832 aedes
894 1771 1034 1831 tuentur.
1075 1766 1292 1838 Permissum
1312 1779 1366 1838 est
1389 1791 1408 1835 a

187 1880 305 1976 itaque
335 1877 540 1976 parentibus
573 1876 695 1948 liberis
726 1875 993 1974 impuberibus,
1020 1903 1110 1976 quos
1136 1880 1173 1947 in
1197 1889 1370 1975 potestate

188 1989 341 2085 babent,
371 2000 580 2062 testamento
608 2001 741 2061 tutores
772 1989 869 2061 dare.
916 1995 948 2056 et
981 1991 1041 2057 hoo
1074 1994 1107 2056 in
1142 1990 1208 2058 filio
1241 1990 1369 2078 filiaque

195 2105 377 2170 omnimodo
390 2105 547 2190 procedis
568 2101 755 2200 nepotibus
772 2113 890 2173 tamen
910 2101 1142 2201 neptibusque
1160 2103 1208 2173 ita
1227 2102 1369 2174 demum

188 2226 353 2311 parentes
377 2224 524 2312 possunt
549 2224 758 2285 testamento
790 2224 923 2287 tutores
949 2214 1055 2304 dare,
1074 2217 1104 2287 si
1122 2226 1202 2312 post
1220 2228 1370 2313 mortem

190 2352 311 2398 eorum
347 2328 385 2397 in
418 2328 527 2423 patris
556 2327 609 2399 sui
632 2337 842 2425 potestatem
869 2354 941 2399 non
966 2329 1036 2400 sint
1060 2330 1226 2416 recasuri,
1253 2330 1372 2428 itaque

188 2441 220 2512 si
252 2438 346 2511 lilius
377 2451 457 2511 tuus
491 2440 616 2511 mortis
649 2451 728 2510 tuae
762 2451 922 2538 tempore
955 2440 992 2511 in
1021 2451 1195 2539 potestate
1227 2454 1286 2514 tua
1310 2445 1382 2539 sit,

188 2563 335 2650 nepotes
369 2580 411 2625 ex
444 2578 486 2624 eo
517 2579 589 2622 non
613 2564 780 2649 poterunt
802 2563 1013 2625 testamento
1039 2565 1100 2625 tuo
1126 2566 1278 2628 tutorem
1303 2555 1397 2627 ba·.
1480 2601 1481 2642 p

188 2665 291 2756 bere,
318 2667 479 2765 quamvis
503 2664 539 2734 in
565 2674 738 2762 potestate
763 2677 823 2738 tua
848 2665 994 2760 fuerint3
1019 2667 1157 2740 scilicet
1174 2671 1255 2768 quia
1273 2695 1377 2741 mor-

189 2789 251 2850 tuo
278 2788 312 2849 te
337 2779 374 2848 in
397 2777 506 2876 patris
532 2778 586 2848 sui
609 2775 819 2874 potestatem
845 2780 1001 2852 recasuri
1026 2791 1118 2852 sunt
