2964 4596
498 53 836 140 11111111-111
1033 42 1038 52 “
1185 60 1249 130 111

86 247 232 332 1111111111
251 242 376 308 scholae
394 246 537 308 auctores
549 245 638 308 annis
650 248 764 328 putant
776 246 976 330 pubertatem
989 245 1242 328 aestimandam,
1267 272 1303 336 aa,
1315 273 1341 314 11

85 352 115 416 11
136 356 198 429 111,
223 371 299 416 eum
318 349 471 433 puberem
496 370 561 414 esse
582 351 784 434 existimant,
797 357 820 428 †
833 349 859 433 1)
871 363 888 434 Η

1311 463 1353 528 53

630 609 631 612 ,
1302 554 1373 618 su'*

22 652 73 732 ,91)
84 657 215 718 aetatem
244 617 441 738 pervenerit,
470 652 505 714 in
535 671 596 734 qua
623 671 673 716 res
696 672 768 716 suas
790 655 874 719 tueri
897 658 1011 739 possit,
1036 659 1143 747 silenti
1167 661 1251 743 apud
1272 681 1286 724 1
1310 557 1387 722 54)

21 759 260 848 ,98)1111911111
286 763 396 845 gentes
423 756 577 821 custodiri
608 760 752 843 superius
772 759 777 842 Ι
797 759 1021 826 indicavimus.
1062 763 1248 829 exiissem
1271 750 1383 832 We)

84 867 181 930 causis
194 869 226 928 11
236 865 271 928 in
281 864 453 948 provinciis
466 863 698 950 apraesidilbus
710 884 820 928 earum
831 870 989 932 curatores
1001 867 1068 932 dari
1080 869 1202 934 volunt.
1215 871 1252 966 2))
1272 892 1285 934 1

79 1349 271 1361 w

110 1473 137 1542 1)
158 1470 352 1540 Sequebantur
375 1471 473 1524 verba:
500 1471 550 1539 qui
574 1470 639 1525 XIV
665 1487 752 1524 annos
771 1469 933 1539 explerent.
971 1470 1093 1536 Quorum
1110 1471 1258 1526 verborum

75 1560 155 1629 »qui”
176 1560 205 1613 iu
225 1560 278 1614 hae
298 1558 400 1630 pagina
419 1559 517 1629 periit,
540 1559 648 1628 reliqua
665 1559 695 1613 in
715 1558 856 1628 sequenti,
876 1577 941 1630 quoe
960 1569 1012 1612 toto
1031 1563 1164 1631 deperdito
1184 1571 1228 1614 est.

108 1651 135 1720 s)
156 1650 208 1702 »In
233 1666 297 1719 pag.
320 1649 454 1704 exteriore
473 1649 544 1703 nihil
563 1649 617 1703 nisi
635 1649 835 1705 incertissimae
854 1649 1011 1702 litterarum
1031 1651 1144 1704 umbrae
1164 1666 1257 1718 super·

74 1740 150 1804 sunt,
172 1739 268 1808 itaque
287 1755 322 1792 ne
340 1737 497 1792 fortissimis
516 1738 628 1807 quidem
647 1738 857 1793 medicamentis
876 1737 1011 1793 adhibitis
1030 1757 1163 1810 umquam
1179 1738 1258 1808 quid-

72 1845 156 1898 quam
176 1827 233 1899 lcgi
251 1828 402 1899 potuerit''.
986 1886 994 1904 ι

106 1917 237 1973 Fortasse
254 1917 340 1972 etiam
355 1916 411 1972 alia
421 1917 561 1972 addiderit
570 1916 655 1972 Gaius
666 1917 700 1972 de
710 1917 813 1980 modis,
824 1917 925 1986 quibus
935 1917 1048 1973 finiatur
1057 1918 1156 1974 tutela.
1177 1918 1257 1974 Certa

72 2011 168 2064 autem
185 2009 258 2080 egit,
275 2010 308 2062 ut
318 2024 352 2062 ex
362 2007 542 2083 sequentibus
551 2009 645 2078 patet,
657 2007 690 2062 de
701 2006 865 2072 curatione,
876 2005 910 2060 de
920 2022 977 2075 qua
985 2005 1060 2076 Epit.
1071 2007 1124 2062 Gai
1134 2007 1179 2063 tit.
1189 2008 1258 2063 VIII

70 2097 138 2152 haec
164 2098 311 2168 leguntur:
339 2097 479 2152 »Peractis
497 2097 683 2168 pupillaribus
702 2099 796 2164 aunis,
817 2097 918 2166 quibus
937 2098 1043 2152 tutores
1062 2099 1257 2164 absolvuntur,

72 2187 107 2240 ad
131 2190 274 2242 curatores
293 2187 364 2243 ratio
383 2187 521 2242 minorum
539 2187 640 2258 incipit
657 2185 804 2257 pertinere.
834 2187 891 2241 Sub
910 2189 1036 2242 curatore
1056 2191 1121 2242 sunt
1140 2189 1259 2245 minores

70 2277 180 2342 aetate,
199 2277 316 2332 maiores
335 2294 487 2343 eversores,
505 2276 604 2332 insani.
634 2278 685 2345 Hi,
705 2277 754 2347 qui
773 2277 892 2332 minores
912 2281 992 2343 sunt,
1009 2294 1096 2348 usque
1112 2278 1258 2350 advigiuti

69 2369 98 2422 11
126 2367 254 2436 quinque
283 2383 370 2422 annos
399 2366 529 2437 impletos
552 2368 603 2422 sub
628 2371 754 2424 curatore
780 2369 855 2422 sunt.
892 2367 945 2433 oui
963 2383 1028 2422 vero
1052 2384 1189 2422 eversores
1207 2370 1258 2423 aut

69 2455 163 2509 insani
187 2458 266 2522 suut,
289 2456 365 2510 omni
390 2458 515 2526 tempore
540 2457 615 2512 vitae
641 2474 706 2512 suae
731 2457 783 2512 sub
808 2459 933 2512 curatore
950 2472 1009 2510 esse
1027 2455 1172 2522 iubentur;
1192 2458 1259 2526 quia

69 2543 260 2600 substantiam
283 2561 361 2598 suam
385 2547 590 2603 rationabiliter
614 2547 768 2618 gubernare
787 2564 842 2601 non
861 2545 1005 2616 possunt.”
1041 2544 1159 2614 Propius
1177 2545 1258 2601 oredo

69 2633 202 2688 accedere
222 2632 259 2687 ad
277 2651 311 2688 ea
330 2652 400 2704 quae
420 2635 506 2690 Gaius
523 2637 583 2706 ipse
603 2635 636 2691 de
654 2636 708 2691 hac
728 2653 757 2690 re
776 2635 949 2706 praebuerit,
970 2650 1090 2704 eaquae
1106 2634 1185 2689 nobis
1201 2637 1259 2690 tra·

68 2721 141 2778 didit
170 2723 283 2793 Ulpiae.
309 2723 355 2780 tit.
382 2725 426 2778 12.
452 2725 486 2780 de
512 2726 700 2780 curatoribus:
727 2725 893 2794 »Curatores
917 2726 968 2778 aut
990 2723 1110 2794 legitimi
1132 2726 1210 2791 sunt,
1230 2723 1260 2778 id

69 2814 126 2878 est,
146 2812 199 2882 qui
218 2830 253 2867 ex
270 2813 333 2884 legs
352 2813 497 2870 duodecim
516 2816 575 2870 tab.
595 2814 711 2882 dantur,
728 2818 778 2870 aut
792 2813 946 2880 honorarii,
962 2812 993 2868 id
1007 2816 1065 2880 est,
1082 2814 1131 2884 qui
1148 2830 1165 2869 a
1180 2830 1260 2885 prae-

68 2903 128 2957 tore
149 2903 369 2958 constituuntur.
405 2905 463 2959 Lex
481 2905 535 2960 XII
553 2905 714 2960 tabularum
732 2905 880 2971 furiosum,
899 2904 1023 2974 itemque
1042 2905 1260 2976 prodigum,cui

69 2992 151 3046 bonis
176 2991 358 3047 interdictum
383 2996 439 3060 est,
466 2994 496 3048 in
521 2995 663 3051 ouratIone
681 2994 762 3056 iubet
780 3011 838 3049 esse
857 2994 1052 3066 adgnatorum.
1090 2995 1261 3066 Apraetore

70 3081 256 3136 constituitur
278 3086 401 3150 curator,
420 3101 504 3152 quem
522 3084 582 3155 ipse
600 3087 712 3155 praetor
728 3083 849 3140 voluerit
868 3083 1007 3140 libertinis
1023 3083 1158 3155 prodigis,
1178 3084 1259 3140 item-

69 3185 124 3238 que
149 3169 294 3241 ingenuis,
313 3172 416 3241 quiex
434 3175 603 3230 testamento
621 3174 701 3229 heres
721 3174 812 3230 iactus
831 3173 869 3229 sit
887 3175 977 3245 patri,
997 3174 1144 3229 libertinus
1163 3177 1258 3230 autem

69 3257 150 3314 nullo
170 3258 253 3314 modo
271 3261 346 3330 patri
364 3261 443 3318 heres
459 3262 518 3318 fieri
532 3265 634 3334 possit,
650 3263 699 3335 qui
714 3282 765 3319 nec
780 3267 889 3334 patrem
905 3262 1035 3318 habuisse
1051 3263 1178 3331 videtur,
1195 3281 1259 3319 cum

69 3347 179 3403 servilis
203 3350 331 3421 cognatio
354 3352 434 3406 nulla
453 3352 497 3408 sit.
535 3354 682 3410 Praeterea
701 3352 751 3408 dat
769 3355 923 3408 curatorem
942 3352 969 3408 ei
987 3353 1085 3419 etiam,
1105 3354 1153 3422 qui
1172 3371 1261 3424 nuper

69 3437 162 3506 pubes
178 3437 269 3493 sactus
284 3438 383 3496 idonee
398 3443 512 3513 negotia
527 3460 577 3498 sua
592 3443 665 3498 tueri
681 3460 736 3498 uon
748 3443 867 3514 p'otest''.
878 3443 913 3497 of.
922 3442 1001 3496 Paul.
1013 3443 1044 3509 33
1055 3443 1093 3509 4¹,
1104 3445 1120 3512 g
1132 3445 1158 3497 7.
1177 3443 1261 3499 Mori-

69 3525 123 3581 bus
149 3543 201 3598 per
225 3531 382 3599 praetorem
398 3530 478 3586 bonis
496 3531 673 3588 interdicitur
690 3532 744 3588 hoo
763 3531 860 3587 modo:
880 3530 1009 3601 »quando
1028 3531 1083 3586 tibi
1101 3531 1206 3587 tradita
1224 3536 1260 3605 (e.

68 3616 187 3685 tradis)
207 3617 280 3672 bona
298 3621 415 3690 paterna
434 3620 565 3692 avitaque
582 3621 707 3691 nequitia
725 3624 776 3676 tua
794 3621 943 3692 disperdis,
961 3621 1120 3691 liberosque
1139 3624 1203 3679 tuos
1222 3622 1259 3678 ad

70 3707 229 3777 egestatem
253 3709 395 3777 perducis,
421 3709 456 3765 ob
475 3727 537 3765 eam
556 3728 615 3766 rem
633 3710 687 3766 tibi
705 3710 865 3784 fa[miliari]
886 3726 915 3766 re
934 3710 977 3780 (0.
997 3711 1114 3782 partim:
1136 3731 1185 3767 »ee
1204 3713 1259 3780 re”,

70 3794 180 3863 partim
200 3797 306 3868 ›cere'')
326 3798 544 3868 commercioque
561 3800 725 3856 interdico.”

110 3887 142 3954 ¹⁵)
165 3901 246 3956 »pap
264 3886 380 3944 interior
398 3906 454 3944 non
473 3890 620 3946 difficulter
638 3891 750 3962 legitur.

111 3973 142 4044 2)
164 3973 209 4028 Sic
235 3975 264 4030 O.
291 3977 406 4032 tortasse
431 3979 573 4035 mendose:
600 3981 649 4036 sed
674 3981 762 4036 omnis
780 3981 939 4036 coniectura
957 3978 1065 4035 lubrice
1082 3982 1126 4034 est
1144 3980 1180 4036 ob
1198 3998 1262 4052 pag.

72 4063 290 4120 antecedentem
310 4067 492 4139 deperditam.
