2934 4608
592 47 699 114 anili.
723 50 760 133 ΙΙ
773 47 845 114 151.
1240 49 1283 119 97

109 229 205 312 malri
236 237 481 314 testamentum,
516 234 611 332 qued
638 245 757 331 postea
781 243 915 304 ‘testator
937 241 971 305 id
994 235 1138 307 noluerit
1162 239 1281 318 valere,
1294 261 1320 306 n

107 367 211 432 usqua
243 350 247 432 Ι
269 348 362 425 adeo,
382 353 432 412 ut
462 350 491 413 si
522 348 627 413 linum
659 351 727 415 eius
758 349 926 426 inciderit,
954 338 1164 414 nihilominus
1185 352 1190 434 Ι
1210 353 1279 416 iure
1291 372 1326 436 n,
1340 375 1366 440 ¹8

106 455 198 520 civili
221 453 326 519 valeat
336 475 345 532 3
369 456 446 539 quin
470 455 608 520 etiamsi
630 455 783 522 deleverit
800 477 923 540 quoque
937 461 995 521 eut
1004 456 1147 520 obleverat
1168 455 1172 540 Ι
1193 456 1284 521 tabu·
1296 477 1322 523 re

104 561 153 626 las
172 561 356 624 testamenti
374 580 436 624 non
456 561 527 626 ideo
539 565 684 644 protinus
697 560 723 646 1Ι
738 561 997 627 desinentvalere
1018 561 1023 648 Ι
1043 581 1144 646 *quae
1156 559 1319 628 fueranted

105 667 260 750 serillpta,
293 661 368 730 lieet
399 675 508 731 eurum
537 668 680 751 probatio
712 668 825 732 directa
848 691 907 732 noa
922 668 947 749 Ἰ
971 669 976 746 Ι
997 668 1049 731 eit.
1099 665 1183 746 Quid
1207 686 1319 755 ergon

103 769 174 838 est?
210 771 244 836 Si
264 775 335 856 quis
355 773 393 837 ab
413 775 563 838 intestato
583 774 737 838 benorum
759 775 987 858 possessionem
998 773 1128 857 petierit
1140 780 1168 836 et
1180 773 1207 836 ie
1220 774 1245 854 ³)
1269 773 1275 860 Ι
1294 796 1321 840 ee

100 881 159 964 qui
196 863 241 944 ¹en
283 899 319 944 eo
354 883 543 944 testamento
581 879 671 944 heres
706 887 749 943 ert
762 880 787 964 ⁸)
822 883 910 964 petat
943 878 1138 942 hereditatem
1150 877 1176 964 *Ι
1200 884 1225 955 †
1248 883 1274 957 ΙΙ
1292 885 1415 962 (ra-a)

101 987 269 1069 perveniat
293 985 450 1050 heredites
484 985 597 1049 ethna
621 987 668 1050 ita
692 985 869 1073 [re]serlpt0
888 987 1282 1080 imperatorie'Antonini1
1344 985 1387 1052 93

102 1089 315 1178 significatur.
338 1091 343 1177 Ι
619 1105 621 1110 ’
974 1121 976 1124 ·
1348 1078 1421 1166 59Ἰ)

133 3171 166 3241 1)
186 3167 232 3225 O.:
252 3169 335 3226 uideo
354 3170 454 3266 minue.
474 3172 537 3228 ΚΜ
558 3166 758 3228 »nihilominus
780 3170 891 3242 [non]”.

131 3283 166 3352 2)
185 3281 304 3352 Propius
322 3294 433 3340 mentes
453 3303 514 3340 enm
533 3282 652 3356 vestigIa
671 3281 772 3338 eedieis
791 3299 876 3352 quam
894 3281 1020 3353 Krnuger
1039 3279 1115 3338 feeit.

132 3373 166 3443 3)
185 3373 232 3426 Ita
240 3373 372 3446 Krneger.
383 3375 432 3430 eed
440 3375 487 3430 vix
496 3377 571 3430 recte
578 3397 585 3442 ;
596 3373 735 3445 pro.»est''
744 3373 774 3426 in
785 3371 878 3428 codiee
889 3375 947 3428 est:
958 3373 981 3426 e'
990 3389 1108 3436 :cnm
1121 3370 1165 3426 vel
1176 3372 1290 3428 »euius'’

131 3463 165 3532 4)
185 3462 229 3515 Ad
251 3464 442 3524 ¹restituendos
466 3483 561 3520 versus
587 3466 733 3534 sequentes
757 3463 866 3517 nullum
893 3461 1045 3532 praebetur
1070 3460 1100 3514 in
1121 3459 1180 3515 cod.
1201 3461 1288 3515 subsi-

86 3549 183 3606 dium.
219 3553 329 3624 Kriiger
355 3555 476 3610 eontulit
500 3557 518 3609 i.
546 3553 590 3609 12.
616 3553 649 3608 D.
677 3553 710 3608 da
736 3553 796 3618 hie,
821 3568 892 3620 quae
920 3553 953 3606 nt
975 3550 1098 3622 indignis
1124 3551 1290 3607 auferuntur
1364 3605 1366 3609 .

86 3641 159 3712 (34,
178 3641 217 3712 9):
233 3661 313 3697 »eum
337 3643 452 3712 quidam
479 3643 633 3714 scripsisset
655 3640 785 3709 heredes,
812 3658 881 3710 quos
900 3640 1048 3696 instituere
1069 3658 1125 3696 non
1143 3643 1290 3711 potuerat,

86 3731 224 3800 quamvis
248 3732 392 3790 institutio
410 3752 466 3790 non
485 3735 605 3800 valeret,
624 3751 714 3802 neque
731 3731 857 3802 superius
872 3733 939 3786 teet.
958 3733 1078 3801 ruptum¹
1091 3733 1180 3798 emet,
1197 3733 1293 3786 tamen

87 3823 126 3874 ut
157 3820 281 3893 indignis
310 3823 475 3899 heredibus,
504 3823 552 3894 qui
580 3840 636 3898 non
661 3823 821 3878 habuerunt
848 3837 1006 3891 supremam
1031 3821 1223 3886 voluntatem,
1245 3821 1294 3874 ab·

87 3909 177 3964 stulit
197 3910 253 3966 iam
273 3914 381 3982 pridem
402 3917 514 3968 senatus
532 3911 728 3968 hereditatem.
763 3914 838 3976 Quod
852 3915 926 3966 divas
942 3912 1054 3966 Murcus
1071 3914 1099 3965 ia
1116 3910 1292 3981 eiaspersonu

86 4001 234 4068 iudicavit,
254 4006 325 4058 cuias
344 4023 434 4058 nomeu
452 4015 557 4074 peraeto
578 4005 650 4059 κεῖθ’.
671 4015 776 4059 testator
796 4003 935 4058 induxerat
954 3999 1019 4058 etc'.”

130 4091 160 4162 *Ι
184 4107 265 4162 apag.
285 4092 402 4149 interior
420 4094 553 4150 facillime
572 4080 704 4166 legitur.⁴’

166 4200 202 4250 ll.
1217 4200 1230 4242 '1
