2894 4616
580 67 662 120 mer.
687 51 741 133 IV,
766 69 797 118 x.
823 73 870 140 pr.
893 51 930 141 ἧς
956 51 1046 132 1,2.

791 301 835 372 X.

453 479 505 544 DE
526 481 590 546 ms
611 483 684 546 PER
705 485 800 557 QUOS
821 485 947 548 AGERE
968 487 1167 550 POSSUMUS.

267 651 374 727 Nunc
400 653 617 728 admonendi
643 686 764 732 sumus
788 686 894 760 agere
922 687 1026 759 posse
1051 661 1246 760 quemlibet
1267 671 1322 732 aut
1338 687 1381 732 sno

220 770 363 840 nominc
387 779 450 840 aut
472 769 623 843 alieno„
644 772 763 844 alieno
788 773 907 845 ueluti·
920 777 1165 873 procuratorio
1190 777 1316 846 trrtorm
1338 803 1381 847 cu-

221 881 374 968 ratorio,
411 907 490 954 cnm
526 885 610 958 olim
641 889 680 959 in
710 915 778 960 usu
811 887 936 960 suisset
967 888 1111 960 ulterius
1138 891 1280 961 nomine
1307 916 1385 988 agere

219 1019 293 1066 non
317 1017 420 1092 posse
446 988 509 1070 nisi
532 1021 588 1087 pro
611 1002 743 1088 populo,
769 1023 825 1088 pro
846 1003 1008 1080 libertate,
1035 1023 1092 1088 pro
1114 1003 1226 1070 tutela.
1250 1010 1384 1090 practerea

223 1109 296 1198 lege
341 1108 483 1175 Hostilia
526 1112 719 1193 permissum
765 1113 813 1174 est
854 1111 934 1175 furti
976 1130 1070 1198 agere
1112 1129 1223 1176 eorum
1266 1114 1383 1188 nomine,

223 1219 280 1302 qui
325 1215 410 1302 apud
453 1215 559 1280 hostes
605 1220 709 1280 essent
756 1221 813 1280 aut
854 1217 900 1280 rei
938 1215 1086 1301 publicae
1128 1237 1222 1281 causa
1266 1218 1384 1282 abcuent

223 1323 319 1408 quive
342 1324 376 1386 in
400 1341 511 1386 corum
534 1323 626 1386 cuius
649 1320 750 1386 tutela
772 1327 884 1386 essent.
932 1328 964 1386 et
987 1322 1137 1406 quiahoc
1158 1343 1220 1388 non
1241 1325 1386 1388 minimam

223 1427 521 1494 incommoditatem
540 1427 693 1511 habebat,
713 1428 797 1513 quod
815 1431 917 1494 atieno
936 1431 1064 1494 nomine
1085 1450 1185 1514 neque
1205 1449 1387 1516 agereneque

226 1538 369 1622 excipere
400 1537 557 1600 actionem
585 1533 720 1611 licebat,
751 1540 921 1620 coeperunt
947 1535 1092 1600 homines
1114 1555 1170 1620 per
1193 1539 1387 1620 procuratorio

225 1641 370 1729 litigare:
405 1662 482 1706 nam
516 1645 549 1705 et
582 1642 712 1706 morbus
746 1645 776 1706 et
812 1645 898 1706 aetas
931 1645 963 1706 et
991 1643 1165 1706 necessaria
1196 1642 1388 1726 peregrinatio

225 1749 366 1832 itemque
390 1747 471 1812 aliae
494 1746 616 1812 multae
638 1767 750 1811 causae
770 1767 860 1832 saepe
879 1747 1108 1832 impedimento
1127 1752 1217 1825 sunt,
1242 1748 1388 1830 quominus

225 1874 293 1919 rem
318 1873 408 1918 suam
433 1855 494 1938 ipsi
519 1855 648 1938 exsequi
670 1854 800 1938 possint.

268 1959 456 2024 Procurator
475 1978 576 2043 neque
591 1960 686 2023 certis
698 1959 803 2025 verbis
814 1979 915 2044 neque
926 1965 1089 2044 praesente
1100 1959 1300 2044 adversario,
1311 1961 1388 2022 immo

223 2063 411 2152 plerumque
433 2066 600 2151 ignorante
622 2085 659 2129 co
679 2067 899 2130 constituitur:
921 2069 1109 2150 cuicumque
1129 2068 1213 2130 enim
1228 2067 1388 2152 permiseris

222 2192 290 2236 rem
314 2176 404 2236 tuam
429 2191 522 2258 agere
547 2179 602 2237 aut
625 2171 806 2246 defendere,
831 2174 860 2236 is
883 2179 1066 2258 procurator
1087 2173 1302 2261 intellegitur.

269 2275 420 2346 Tutores
440 2284 476 2346 ct
495 2287 674 2348 curatores
686 2275 983 2375 quemadmodum
997 2281 1281 2365 constituuntur,
1297 2277 1405 2373 primor

220 2387 314 2460 libro
339 2389 536 2486 expositum
563 2401 627 2464 eet.
