2890 4616
191 41 257 110 tet
453 58 537 109 mss.
559 39 615 110 IV.
636 57 681 108 1t.
705 40 880 128 §ss-la
900 63 930 110 u.
955 63 1003 129 pr.
1024 41 1060 127 ξς
1074 41 1101 107 1.

190 233 317 307 humili
338 231 466 304 iniuria
490 231 585 303 lacta
608 231 668 318 sit,
699 237 756 298 snt
780 232 904 317 parenti
926 237 1119 318 patronoque
1142 228 1201 296 liat
1223 251 1244 296 s
1265 231 1363 298 liberis

70 387 73 393 ,
101 374 120 396 v
192 349 245 430 pel
266 344 406 414 libertis:
431 346 524 412 aliter
545 349 632 412 enim
656 346 808 410 sanatoris
832 349 864 409 et
886 347 1025 430 parentis
1046 346 1255 430 patronique,
1279 345 1362 411 sliter

191 458 331 520 extranei
362 459 395 520 et
416 451 550 521 humilis
570 471 721 538 personae
744 452 861 516 iniuria
884 453 1078 516 aestimatur.
1125 471 1363 538 nonnumquam

170 568 223 627 'et
256 562 344 628 locus
378 559 518 626 vulneris
553 563 691 624 atrocem
726 558 877 622 iniuriam
909 558 1004 633 facit,
1032 559 1135 624 veluti
1167 561 1195 622 si
1223 561 1257 622 in
1283 557 1366 623 oculo

110 691 130 714 .·
191 653 262 753 quis
277 685 454 752 percussus
485 667 537 730 sit.
584 667 676 750 parui
690 719 692 726 ,
706 669 814 728 autem
845 662 958 746 refert,
989 669 1099 729 utrum
1127 667 1210 749 patri
1233 664 1368 730 familias

157 799 160 805 ·
190 789 230 839 an
254 771 321 839 filio
344 772 483 838 familias
505 769 579 836 talis
602 772 720 851 inieris
743 768 826 834 facta
846 771 905 832 sit:
926 790 1001 834 nam
1022 777 1054 834 et
1073 771 1150 836 haec
1169 777 1262 836 atrox
1281 774 1369 834 aesti-

190 879 342 944 mabitur.
389 878 429 942 In
458 896 586 943 summa
617 875 782 941 sciendum
811 881 859 940 est
888 875 926 940 de
956 879 1042 941 omni
1070 879 1188 941 iniuria
1215 897 1295 941 enm
1318 879 1392 961 quic

190 983 301 1070 passus
324 989 372 1050 est
394 1004 485 1069 posse
504 982 558 1048 vel
582 980 790 1062 criminaliter
814 1001 907 1068 agere
931 981 984 1048 vel
1009 983 1155 1048 civiliter.
1193 984 1281 1047 etsi
1306 985 1369 1066 qui-

191 1091 267 1156 dem
290 1089 430 1168 civiliter
453 1093 586 1177 agatur,
611 1090 831 1154 aestimatione
851 1087 934 1154 lacta
952 1089 1127 1155 secundum
1144 1088 1230 1173 quod
1250 1087 1373 1152 dictum

147 1222 150 1227 ·
191 1201 239 1263 est
272 1217 374 1282 poeno
405 1198 590 1282 imponitur.
638 1197 688 1260 sin
722 1200 831 1260 eutem
868 1195 1090 1270 criminaliter,
1125 1193 1230 1265 officio
1258 1193 1374 1258 iudicis

144 1361 145 1366 ,
190 1303 439 1379 extraordinaria
466 1322 567 1387 poene
596 1321 649 1366 reo
680 1302 857 1388 irrogatur:
889 1301 950 1366 hoc
979 1300 1129 1367 videlicet
1160 1298 1373 1375 observando,

192 1409 283 1495 quod.
306 1405 484 1474 Zenonions
514 1409 700 1473 constitutio
725 1407 922 1491 introduxit,
946 1411 983 1472 ut
1005 1408 1069 1472 viri
1091 1407 1235 1472 illustres
1257 1408 1374 1491 quique

190 1525 286 1606 supra
310 1535 361 1580 eos
384 1518 459 1579 sunt
483 1517 515 1578 et
537 1534 593 1599 per
616 1518 832 1598 procuratores
855 1516 976 1598 possint
999 1516 1157 1580 actionem
1179 1514 1375 1580 iniuriarum

79 1689 82 1696 ,
190 1620 400 1700 criminaliter
421 1619 474 1686 vel
496 1621 642 1704 persequi
665 1617 718 1686 vel
739 1622 897 1705 suscipere
920 1619 1094 1698 secundum
1118 1622 1186 1684 eius
1208 1625 1374 1692 tenorem,

167 1729 249 1812 :qui
272 1747 312 1794 ex
333 1729 403 1812 ipsa
424 1727 624 1792 manifestius
647 1731 786 1810 apparet.
831 1726 904 1791 Non
926 1725 1031 1792 solum
1053 1730 1164 1790 autem
1186 1727 1215 1788 is
1235 1727 1397 1788 ,iniurias

192 1851 265 1898 rum
298 1838 435 1910 tenetur,
460 1835 517 1916 qui
540 1831 614 1898 fecit
636 1834 809 1909 iniuriam,
832 1831 891 1896 hoc
915 1837 963 1896 est
986 1834 1047 1916 qui
1064 1833 1237 1917 percussit:
1263 1851 1376 1898 verum

190 1937 247 2004 ille
270 1957 394 2022 quoque
418 1937 647 2016 continebitur,
672 1940 727 2022 qui
751 1937 822 2003 dolo
845 1939 921 2004 feeit
941 1938 994 2004 vel
1016 1940 1072 2022 qui
1094 1938 1236 2014 curauit,
1261 1943 1305 2000 ut
1329 1937 1377 2000 col

192 2043 279 2110 mala
306 2063 423 2130 pugno.
438 2049 663 2128 percuteretur.
710 2042 799 2110 Haec
822 2046 904 2110 aetio
928 2028 1181 2112 dissimulatione
1205 2041 1398 2108 aboletur:n

191 2163 223 2213 at
245 2149 332 2226 ides,
358 2151 385 2212 si
408 2151 479 2234 quis
501 2152 653 2214 iniuriam
677 2149 895 2234 dereliquerit,
919 2150 979 2215 hoc
1000 2155 1047 2214 est
1061 2151 1178 2228 ¹statim
1197 2169 1321 2233 passus,
1339 2147 1375 2211 ad

188 2259 336 2330 animum
359 2276 453 2332 suum
476 2276 539 2322 non
558 2256 772 2336 revocaverit,
796 2261 905 2341 postea
927 2278 965 2322 cx
988 2257 1182 2340 poenitentia
1202 2257 1375 2322 remissam

154 2437 170 2448 Η
189 2364 342 2444 iniuriam
364 2382 427 2428 non
448 2367 565 2447 poterit
588 2361 736 2432 recolere.

762 2595 801 2668 V.

200 2780 251 2848 nu
273 2779 594 2850 ostrsnuromsts
615 2752 715 2860 oues
737 2753 850 2860 consi
869 2764 919 2849 ux
940 2783 1102 2850 enmono
1124 2787 1361 2852 suscensus.

234 2951 271 3017 Si
301 2951 397 3016 index
426 2951 527 3016 litem
550 2973 641 3017 suam
669 2953 795 3030 fecerit,
819 2973 882 3018 non
904 2955 1029 3039 proprie
1051 2970 1090 3016 ex
1112 2949 1271 3017 maleficio
1297 2950 1372 3016 obli·

124 3119 130 3130 ,
188 3061 284 3146 gatus
312 3057 448 3122 videtur.
495 3058 550 3123 sed
580 3061 655 3143 quia
680 3080 781 3144 neque
813 3081 851 3124 ex
880 3053 1044 3125 contractu
1074 3057 1237 3146 obligatus
1269 3061 1322 3120 est
1344 3063 1371 3119 et

184 3166 301 3260 'utique
336 3181 479 3253 peccasse
508 3163 630 3248 aliquid
660 3164 876 3250 intellegitur,
908 3165 983 3231 licet
1012 3185 1070 3256 per
1099 3163 1368 3249 imprudentiam:

188 3270 259 3346 ideo
290 3269 416 3338 videtur
446 3273 536 3358 quasi
566 3291 607 3335 ex
637 3259 794 3336 maleficio
823 3275 940 3348 teneri,
973 3275 1005 3335 et
1035 3273 1249 3353 inquantum
1275 3267 1370 3332 deca

186 3397 220 3450 re
256 3395 392 3464 aequum
427 3375 575 3462 religioni
605 3376 783 3441 iudicantis
808 3376 988 3467 videbitur,
1021 3395 1156 3461 poenam
1187 3372 1367 3438 sustinebit.

187 3481 270 3551 Item
302 3485 346 3558 is,
378 3502 417 3548 ex
444 3481 535 3546 cuius
565 3481 732 3547 coenaculo
761 3481 814 3547 vsl
842 3485 968 3568 proprio
998 3485 1101 3567 ipsius
1130 3477 1184 3546 vel
1214 3478 1382 3544 ¹conductor

187 3587 240 3654 vel
262 3590 296 3652 in
318 3607 380 3672 quo
401 3589 501 3674 gratis
522 3585 689 3652 habitabat
711 3587 867 3652 deiectum
894 3588 1068 3654 effusumve
1090 3585 1213 3670 aliquid
1237 3590 1306 3662 est,
1325 3585 1365 3646 ita

188 3697 226 3754 ut
257 3691 353 3756 elicui
381 3696 560 3770 noceretur,
593 3696 683 3779 quasi
714 3715 752 3758 ex
782 3693 939 3759 maleficio
963 3693 1125 3781 obligatus
1147 3689 1362 3776 intellegitur:

189 3795 260 3859 ideo
283 3802 390 3861 autem
413 3817 476 3865 non
498 3803 623 3883 proprie
647 3820 685 3864 ex
706 3797 861 3865 maleficio
882 3791 1043 3890 obligatus
1061 3797 1282 3886 intellegitur,
1296 3795 1362 3881 quia

189 3897 375 3984 plerumque
397 3903 436 3967 ob
460 3902 591 3971 alterius
613 3903 738 3990 culpam
764 3911 969 3973 tenetur·aut
988 3910 1076 3972 servi
1099 3909 1156 3970 aut
1173 3904 1278 3968 liberi.
1315 3900 1360 3965 cui

188 4003 306 4068 similis
329 4010 376 4069 est
397 4009 444 4090 is,
467 4012 523 4092 qui
546 4029 582 4074 ea
604 4017 710 4095 parts,
734 4032 797 4096 qna
819 4011 917 4099 vulgo
941 4015 1004 4076 iter
1026 4009 1097 4076 fieri
1117 4011 1211 4087 solet,
1231 4007 1267 4072 id
1285 4008 1360 4092 posi-

193 4111 265 4170 tum
298 4116 354 4174 sut
385 4129 572 4198 suspensum
599 4115 711 4196 habet,
744 4117 828 4202 quod
857 4119 981 4204 potest,
1013 4121 1042 4184 si
1073 4117 1239 4200 ceciderit,
1270 4112 1360 4178 alicui
