2880 4614
394 109 398 118 .
523 69 608 117 iuer.
631 48 688 118 ΙΙΙ.
712 67 794 116 xmi.
821 70 867 134 pr.
893 49 985 134 Μ,
1012 49 1044 114 1.

725 238 831 304 XIIII.¹

338 357 475 427 QUIBUS
495 359 613 418 MODIS
633 359 683 418 RE
704 359 976 418 GONTRAHITUR
996 357 1213 418 bunionem.

228 489 276 556 Re
309 490 507 556 contrahitur
529 489 685 577 obligatio
707 489 810 554 veluti
832 491 940 553 mutui
962 489 1104 570 datione,
1128 489 1236 550 mutui
1258 492 1366 550 antem

183 595 338 683 obligatio
368 599 402 660 in
433 596 484 660 his
513 596 607 661 rebus
637 597 797 671 consistit,
824 617 903 680 quae
926 595 1063 679 pondere
1085 615 1217 658 numero
1241 613 1366 656 mensu-

182 722 258 767 rave
281 707 442 780 constant,
469 701 570 768 veluti
593 704 668 766 vino
691 700 759 766 oleo
778 699 939 765 frumento
957 703 1091 786 pecunia
1108 703 1277 764 numerata
1298 719 1367 762 aere
1434 775 1435 786 2

184 814 316 894 argento
336 829 428 886 auro,
443 805 471 888 1)
490 832 578 906 quas
607 831 663 875 res
688 816 748 876 aut
773 804 992 875 numerando
1018 815 1080 874 aut
1103 802 1284 874 metiendo
1312 813 1369 871 aut

182 917 419 1014 adpendendo
440 922 476 988 in
496 919 564 989 hoe
579 918 728 1006 damus,
741 929 780 987 ut
792 919 1039 1014 accipientium
1053 916 1142 987 liant
1155 927 1190 985 et
1201 915 1370 1010 quando·

180 1057 249 1128 que
277 1031 378 1102 nohis
403 1059 474 1102 non
501 1031 644 1102 eaedem
670 1057 747 1124 res,
775 1031 835 1100 sed
862 1030 952 1101 aliae
979 1030 1134 1100 eiusdem
1161 1041 1311 1098 naturae
1337 1039 1370 1097 et

182 1144 361 1244 qualitatis
386 1144 589 1216 reddantur.
640 1145 734 1214 uode
760 1146 865 1215 etiam
891 1155 1048 1214 mutuum
1073 1141 1290 1239 appellatum
1312 1143 1372 1232 sit,

182 1261 262 1358 quia
296 1260 344 1350 ita
379 1287 398 1330 a
437 1284 492 1329 me
525 1257 589 1328 tibi
625 1256 746 1346 datur,
777 1269 816 1328 ut
849 1283 890 1328 ex
916 1284 996 1328 meo
1019 1267 1116 1327 tuum
1143 1255 1215 1326 fiat.
1266 1279 1310 1321 ex
1333 1277 1368 1320 eo

183 1379 347 1440 contractu
376 1377 517 1438 nascitur
549 1374 631 1438 actio
661 1393 741 1457 quae
771 1378 903 1438 vocatur
926 1373 1092 1438 condictio.
1139 1369 1178 1438 ls
1202 1393 1390 1466 quoque‚r

180 1488 255 1582 qui'
275 1511 347 1556 non
384 1482 540 1554 debitum
572 1485 710 1580 aceepit
738 1483 783 1554 ab
810 1509 852 1554 eo
879 1485 940 1580 qui
966 1509 1029 1579 per
1054 1507 1209 1553 errorem
1236 1482 1369 1569 solvit,

180 1624 218 1668 re
233 1597 440 1698 obligatur:
466 1599 620 1685 daturque
644 1602 752 1685 agenti
774 1605 973 1664 contiacum
995 1603 1122 1683 propter
1141 1599 1368 1681 repetitionem

182 1699 368 1778 condietioia
391 1715 481 1778 actio.
530 1736 611 1780 nam
641 1707 790 1805 proinde
824 1709 855 1778 ei
890 1709 1032 1779 eondiei
1058 1721 1175 1806 potest
1199 1711 1242 1780 ‘si
1268 1719 1371 1805 paret

180 1851 260 1896 euin
285 1823 370 1894 dare
396 1823 569 1919 oportere'
593 1848 635 1893 ae
662 1824 691 1892 si
718 1834 873 1894 mutuum
899 1824 1111 1918 accepisset:
1132 1823 1227 1893 unde
1247 1824 1370 1920 pupil-

179 1937 255 2030 lus,
288 1938 319 2006 si
352 1938 383 2006 ei
414 1937 490 2007 siue
516 1936 641 2005 tutoris
666 1938 874 2006 auctoritate
901 1961 972 2006 non
997 1935 1154 2006 debitum
1180 1963 1244 2032 per
1264 1962 1368 2006 erro-

181 2075 256 2119 rem
283 2048 403 2118 datum
425 2059 499 2135 est,
523 2075 594 2119 non
614 2057 752 2118 tenetur
771 2047 920 2119 indebiti
943 2048 1169 2120 condictione
1192 2076 1262 2120 non
1290 2077 1370 2119 ma-

180 2163 235 2261 gis
268 2189 373 2259 quam
406 2163 516 2232 mutui
547 2160 699 2232 datione.
751 2159 814 2232 sed
844 2161 931 2234 haee
966 2165 1102 2259 species
1136 2161 1368 2260 obligationis

181 2303 252 2347 non
277 2275 416 2346 videtur
442 2301 484 2346 ex
510 2287 695 2346 contractu
720 2276 928 2365 consistere,
954 2303 1034 2348 cum
1055 2278 1102 2370 is,
1123 2278 1184 2374 qui
1202 2276 1368 2348 solvendi

181 2391 300 2460 animo
333 2388 411 2482 dat,
446 2390 560 2486 magis
586 2388 782 2459 distrahere
808 2390 918 2458 voluit
942 2391 1122 2488 negotium
1149 2417 1254 2487 quam
1282 2416 1369 2461 eon-

179 2503 331 2576 trahere.
383 2503 465 2570 Item
489 2506 534 2587 is,
559 2505 612 2568 cui
633 2523 683 2568 res
706 2502 813 2588 aliqua
835 2504 953 2569 utenda
976 2505 1085 2583 datur,
1105 2505 1140 2569 id
1160 2510 1208 2569 est
1223 2525 1389 2570 commea

180 2620 291 2704 datur,
315 2641 349 2684 re
373 2618 535 2706 obligatur
557 2621 589 2681 et
612 2621 738 2681 tenetur
760 2616 955 2681 commodati
975 2619 1108 2683 actione.
1144 2617 1198 2683 sed
1218 2621 1245 2682 is
1258 2619 1301 2682 ab
1315 2639 1370 2700 eo,

181 2728 236 2811 qui
266 2732 417 2790 mutuum
446 2726 585 2809 accepit,
609 2723 704 2811 longe
727 2723 842 2789 distat:
866 2743 1004 2809 namque
1026 2747 1087 2794 nou
1111 2727 1231 2790 iteres
1254 2725 1368 2799 datur,

182 2837 219 2896 ut
250 2834 318 2896 eius
352 2830 425 2905 fiat,
450 2835 482 2895 et
505 2829 545 2894 ob
569 2829 603 2894 id
627 2830 665 2895 de
689 2851 726 2895 ea
747 2852 781 2895 re
803 2833 872 2916 ipsa
893 2831 1090 2904 restituenda
1111 2837 1247 2896 tenetur.
1286 2837 1321 2895 et
1341 2833 1371 2894 is

183 2938 313 3023 quidem
343 2939 398 3022 qui
428 2941 582 3000 mutuum
614 2939 752 3022 accepit,
785 2939 812 3001 si
843 2936 986 3021 quolibet
1017 2938 1149 3002 fortuito
1179 2958 1254 3001 casu
1284 2937 1370 3020 quod

183 3046 303 3130 accepit
335 3043 496 3119 amiserit,
524 3040 628 3107 veluti
650 3042 795 3108 incendio
817 3044 910 3108 ruina
932 3043 1100 3130 naufragio
1124 3049 1181 3108 aut
1202 3043 1369 3108 latronum

182 3149 365 3215 hostiumve
387 3151 536 3222 incursu,
560 3147 661 3212 nihilo
684 3151 791 3212 minus
815 3136 977 3235 obligatus
999 3155 1174 3234 permanet.
1211 3153 1245 3212 at
1263 3152 1296 3213 is
1316 3151 1370 3233 qui

183 3253 340 3320 utendum
365 3256 486 3340 aceepit
508 3275 582 3320 sane
605 3255 735 3339 quidem
755 3261 899 3320 exactam
920 3254 1123 3342 diligentiam
1143 3255 1370 3320 custodiendae

60 3445 62 3451 Ι
183 3363 230 3425 rei
262 3366 420 3446 praestare
451 3360 580 3425 iubetur
609 3383 666 3426 neo
697 3359 814 3426 sufficit
846 3363 875 3428 si
905 3361 1255 3448 tantsmdiligentiam
1281 3361 1370 3426 abhi-

186 3466 310 3544 bnisse‚
335 3471 487 3552 quantam
511 3467 577 3530 suis
598 3468 693 3532 rebus
717 3467 865 3532 adhibere
888 3468 1003 3533 solitus
1025 3472 1090 3544 est,
1115 3467 1262 3532 simodo
1288 3467 1371 3532 alius

187 3572 373 3660 diligentior
396 3574 514 3658 poterit
537 3593 607 3636 eam
630 3593 698 3637 rem
719 3573 892 3639 custodire:
915 3571 967 3638 sed
986 3577 1115 3659 propter
1131 3575 1289 3637 maiorem
1304 3577 1371 3639 vim

185 3682 361 3744 maioresve
386 3697 474 3744 casus
497 3698 559 3741 non
582 3683 724 3764 tenetur,
750 3681 777 3743 si
800 3681 895 3744 modo
918 3699 981 3744 non
1003 3681 1100 3743 huius
1120 3679 1214 3762 culpa
1232 3682 1260 3742 is
1281 3701 1369 3744 casus

184 3787 407 3849 intervenerit:
433 3784 573 3868 alioquin
596 3787 623 3848 si
647 3785 699 3868 id,
723 3785 807 3869 quod
826 3785 886 3850 tibi
906 3786 1143 3850 commodatum
1160 3790 1224 3868 est,
1237 3806 1370 3872 peregre

186 3889 267 3954 ferre
298 3894 403 3954 tecum
427 3889 582 3954 malueris
613 3895 645 3954 et
668 3889 720 3956 vel
742 3893 872 3956 incursu
895 3892 1037 3956 hostium
1060 3890 1298 3977 praedonnmve
1322 3888 1371 3956 vel

187 3995 353 4080 naufragio
378 3997 539 4069 amiseris,
565 3995 699 4061 dubium
722 4017 785 4061 non
808 4002 872 4074 est,
895 4000 973 4082 quin
996 3998 1035 4063 de
1046 3997 1254 4088 [restituenda
1278 4019 1318 4063 ea
1339 4018 1370 4061 re

222 4159 250 4229 1)
270 4157 332 4212 ›Pn
351 4158 443 4213 inex
462 4158 581 4214 Gailib.
602 4162 618 4213 2
638 4178 690 4215 rer.
710 4164 778 4217 cott.
797 4162 871 4233 (Dig.
890 4164 942 4230 44,
963 4164 993 4230 7,
1014 4166 1045 4232 1,
1066 4164 1122 4236 2)”.
1142 4162 1258 4234 Krtiger.
