2934 4608
228 94 272 160 58
616 112 701 162 mer.
724 93 766 160 Π.
789 111 836 158 ix.
859 93 895 178 ἓξ
918 91 1017 158 2-4.

224 301 283 368 pro
305 284 401 347 tertia
423 281 580 348 bonorum
603 287 692 368 parte
716 281 867 358 dominii,
890 302 986 366 quam
1005 281 1141 345 retinere
1157 284 1297 365 poterat,
1317 280 1403 344 dimi·

189 418 191 424 ·
227 388 314 452 diam
337 408 400 452 non
422 388 557 454 dominii
579 408 705 466 rerum,
729 387 784 453 sed
807 407 885 452 usus
907 387 1030 452 fruetus
1052 389 1206 452 retineat:
1223 387 1270 448 ita
1289 387 1402 449 etenim

227 499 259 559 et
278 513 327 558 res
344 495 482 559 intactae
501 493 586 578 apud
604 491 710 558 fitium
730 493 940 558 remanebunt
959 497 991 557 et
1011 498 1101 576 pater
1113 489 1268 575 ampliore
1280 511 1403 556 summa

223 599 350 662 fruetur
377 617 434 682 pro
457 600 553 664 tertia
575 597 710 664 dimidia
732 601 902 684 potiturus.
948 596 1045 666 'Item
1071 593 1173 666 vohis
1199 594 1403 692 adquiritur,
1425 625 1435 667 a

225 708 321 805 quod
355 709 448 780 servi
480 710 587 779 vestri
621 734 663 779 ex
696 707 886 778 traditione
920 709 1174 779 nanciscuntur
1207 709 1282 778 sive
1321 706 1403 804 quid

224 819 435 918 stipulentur
472 821 528 891 vel
567 847 610 892 ex
647 821 806 919 qualibet
843 821 913 891 alia
952 847 1060 892 eausa
1097 817 1300 917 adquirunt.
1349 822 1406 886 hoe

180 943 183 950 '
227 937 313 999 enim
333 935 424 1001 vobis
444 940 476 1000 et
495 935 719 1022 ignorantibus
739 940 772 1000 et
792 936 905 1001 invitis
924 935 1064 1000 obvenit.
1109 934 1184 1032 ipse
1206 934 1301 1002 enim
1326 958 1408 1004 ser-

224 1071 290 1116 vus
315 1048 376 1143 qui
402 1048 440 1114 in
464 1056 637 1145 potestate
663 1045 808 1117 alterius
831 1055 886 1115 est
905 1043 992 1116 nihil
1011 1071 1113 1116 suum
1132 1045 1264 1118 habere
1281 1056 1405 1142 potest.

212 1157 287 1242 ‚sed
321 1159 353 1228 si
386 1157 489 1230 heres
522 1159 701 1230 institutus
732 1158 799 1250 sit,
832 1182 904 1227 non
936 1156 1028 1228 alias
1063 1158 1132 1230 nisi
1162 1159 1261 1229 iussu
1294 1168 1408 1228 vestro

224 1263 457 1342 hereditatem
490 1269 591 1340 adire
620 1280 760 1367 potest:
793 1278 830 1339 et
854 1269 885 1338 si
909 1267 1113 1342 iubentibus
1137 1269 1240 1342 vobis
1265 1269 1409 1362 adierit,

223 1382 326 1455 uobis
352 1382 530 1456 hereditas
556 1382 772 1480 adquiritur,
796 1380 945 1479 perinde
970 1407 1012 1453 ae
1039 1384 1070 1454 si
1090 1407 1154 1452 vos
1174 1382 1242 1479 ipsi
1262 1381 1409 1454 heredes

225 1497 375 1568 instituti
405 1497 540 1570 essetis.
592 1506 628 1566 et
647 1496 905 1566 ,convenienter
929 1493 1068 1566 seilicet
1088 1494 1243 1592 legatum
1270 1521 1334 1592 per
1348 1521 1409 1567 ers

222 1607 326 1679 vobis
360 1609 567 1706 adquiritur.
618 1633 692 1677 nou
726 1606 840 1677 solum
876 1617 993 1678 autem
1022 1609 1222 1704 proprietas
1254 1635 1319 1705 per
1351 1634 1410 1678 eos

225 1746 315 1818 quos
340 1721 377 1790 in
402 1731 576 1817 potestate
597 1719 735 1790 habetis
757 1719 952 1814 adquiritur
973 1719 1091 1798 vobis.
1113 1718 1298 1791 sedetiam
1318 1745 1410 1816 pos-

225 1834 358 1903 sessio:
380 1834 631 1929 euiuseumque
650 1833 744 1902 enim
765 1833 817 1902 rei
840 1834 1100 1928 possessionem
1124 1831 1242 1927 adepti
1263 1830 1409 1923 fuerint,

223 1943 260 2013 id
290 1970 354 2015 vos
379 1945 563 2040 possidere
586 1943 764 2016 videmini.
814 1944 909 2015 unde
937 1947 1040 2015 etiam
1066 1969 1130 2041 per
1155 1969 1216 2014 eos
1241 1946 1410 2041 usucapio

151 2103 154 2108 -
224 2057 278 2122 vel
311 2057 402 2145 longi
435 2061 589 2143 temporis
620 2062 775 2143 possessio
810 2058 912 2127 vobis
941 2055 1090 2128 aceedit.
1129 2057 1187 2126 De
1211 2055 1267 2127 his
1293 2068 1440 2128 autema

224 2171 357 2258 servis,
383 2172 420 2239 in
446 2168 573 2268 quibus
598 2181 733 2241 tantum
760 2196 862 2240 usum
888 2169 1041 2239 fructum
1070 2168 1228 2262 habetis,
1254 2171 1303 2239 ita
1325 2168 1413 2265 pia-

226 2283 317 2374 euit,
338 2293 397 2372 ut,
422 2281 595 2380 quidquid
622 2309 665 2353 ex
691 2308 728 2352 re
754 2293 870 2352 vestra
896 2281 951 2353 vel
978 2307 1021 2351 ex
1046 2278 1212 2377 operibus
1238 2280 1310 2350 suis
1337 2279 1411 2350 ad-

223 2395 381 2491 quirant,
414 2394 448 2464 id
487 2396 587 2466 vobis
619 2394 814 2484 adiciatur,
840 2392 936 2491 quod
962 2418 1047 2464 vero
1073 2403 1170 2463 extra
1197 2419 1257 2463 eas
1284 2417 1411 2462 causas
1460 2453 1461 2460 ,

223 2509 399 2602 persecuti
443 2487 550 2600 sunt,⁸
583 2507 620 2577 id
659 2507 705 2577 ad
743 2508 924 2578 dominum
960 2506 1185 2603 proprietatis
1222 2506 1410 2602 pertineat.

222 2619 340 2716 itaque
375 2621 405 2690 si
438 2622 469 2690 is
495 2647 617 2691 servus
643 2620 745 2692 heres
769 2621 948 2690 institutus
972 2620 1017 2689 sit
1039 2617 1239 2714 legatumve
1264 2617 1353 2715 quid
1379 2621 1412 2689 ei

222 2742 283 2800 aut
309 2731 477 2803 donatum
505 2733 629 2822 fuerit,
657 2759 730 2803 non
755 2731 1034 2824 usufructuario,
1056 2729 1119 2801 sed
1142 2730 1287 2801 domino
1312 2756 1413 2827 pro-

221 2844 380 2938 prietatis
412 2844 620 2941 adquiritur.
672 2845 766 2916 idem
801 2844 919 2942 placet
952 2843 1056 2915 etde
1083 2869 1147 2936 eo,
1171 2845 1232 2941 qui
1257 2871 1279 2914 a
1306 2844 1413 2916 vobis

218 2953 315 3024 hona
340 2954 411 3026 fide
437 2957 656 3052 possidetur,
680 2961 753 3029 sive
778 2960 809 3028 is
834 2955 926 3027 liber
947 2958 993 3027 sit
1014 2958 1088 3027 sive
1110 2955 1246 3028 alienus
1268 2976 1412 3029 servus:
