2880 4614
214 57 281 125 284
406 77 490 126 mer.
515 57 570 124 III.
589 75 673 124 Nniv.
696 59 732 144 ἐξ
746 57 843 125 5-9,
867 65 958 128 xxvi.
982 81 1029 146 pr.
1053 62 1089 146 ἧς
1103 58 1201 125 1-4.

212 250 273 316 etsi
304 246 412 334 plures
445 254 619 336 supersint,
652 253 715 316 nisi
745 253 773 316 si
802 252 836 314 in
867 249 1008 316 coeundo
1033 251 1182 315 societate
1205 247 1299 314 aliter
1319 271 1379 314 con-

211 357 344 422 venerit.
391 355 475 421 Item
509 360 537 423 si
572 358 707 424 alicuius
742 358 788 422 rei
823 360 983 422 contracta
1017 357 1148 420 societas
1183 358 1226 420 sit
1255 361 1289 420 et
1318 354 1395 420 finies

210 463 340 550 negotio
377 463 548 548 impositus
584 469 650 543 est,
686 463 797 529 finitur
830 464 972 528 societas.
1017 459 1238 526 Publicntione
1268 481 1396 544 quoquot

212 567 347 633 distrahi
377 571 562 634 societatem
592 571 799 636 manifestum
831 574 897 644 est,
930 566 1052 632 scilicet
1083 567 1110 630 si
1140 567 1292 631 universa
1314 566 1384 630 bona

212 675 290 740 socii
318 674 540 759 publicentur:
573 698 648 742 nam
672 697 745 741 cum
770 678 804 740 in
827 677 895 740 eius
917 673 1025 739 locum
1049 672 1132 738 alius
1155 672 1316 754 succedit,
1339 693 1385 756 pro

211 785 338 846 mortuo
355 780 499 847 habetur.
546 781 640 870 Item
661 782 691 852 si
712 782 791 878 quis
809 806 852 850 ex
865 779 973 850 sociis
986 777 1079 848 mole
1090 775 1202 846 debiti
1215 802 1402 873 praefero-r

210 902 310 963 vatus
331 890 435 962 bonis
456 893 527 964 suis
546 895 693 965 cesserit
711 904 746 964 et
762 890 843 963 ideo
864 902 1009 989 propter
1027 887 1169 987 publica
1183 900 1244 960 aut
1256 899 1388 986 proptor

208 1004 343 1101 privata
364 1002 483 1076 dehita
505 1005 701 1078 substantia
721 1009 795 1078 eius
816 1017 962 1093 veneat,
977 997 1125 1076 soluitur
1138 1004 1305 1074 societas.
1332 999 1385 1072 sed

211 1116 279 1189 hoc
298 1145 383 1190 casu
395 1119 424 1190 si
437 1119 553 1192 adhue
568 1121 836 1192 consentientia
850 1121 1072 1204 societatem,
1086 1141 1179 1187 nova
1195 1115 1336 1186 videtur
1346 1116 1388 1183 in·

212 1232 329 1327 cipere
354 1234 515 1304 societas,
549 1235 666 1326 *Socios
685 1237 769 1302 socio
788 1239 898 1300 utrum
918 1256 955 1300 eo
967 1235 1095 1299 nomine
1106 1235 1235 1297 tantum
1247 1235 1402 1295 teneotnrr

211 1365 268 1431 pro
292 1348 375 1412 socio
399 1351 540 1424 actione,
564 1349 691 1434 siquid
715 1349 788 1414 dolo
812 1351 1024 1425 commiserit,
1049 1348 1133 1412 sicut
1157 1347 1263 1430 isqui
1284 1346 1387 1430 deponi

214 1452 298 1537 apud
330 1473 363 1518 se
393 1474 504 1538 passus
535 1460 601 1538 est,
637 1477 676 1520 an
708 1458 806 1520 etiam
838 1454 966 1540 culpae,
998 1454 1032 1518 id
1063 1459 1111 1518 εεῖ
1136 1452 1279 1518 desidiae
1303 1458 1388 1536 atque

213 1557 435 1646 neglegentiae
465 1563 609 1638 nomine,
643 1563 824 1645 quaesitum
855 1567 919 1625 est:
950 1558 1129 1646 praevaluit
1160 1565 1272 1623 tamen
1299 1560 1387 1622 etiam

214 1662 326 1750 culpae
348 1667 479 1732 nomine
502 1671 603 1732 teneri
627 1689 710 1732 eum.
758 1666 851 1752 culpa
875 1671 985 1732 autem
1008 1685 1071 1729 non
1094 1665 1134 1729 ad
1158 1666 1386 1729 exactissimam

215 1770 417 1858 diligentiam
449 1772 616 1859 dirigenda
647 1778 712 1838 est:
745 1772 862 1839 sufficit
892 1774 978 1837 enim
1009 1752 1106 1836 talem
1134 1770 1387 1857 diligentiemin

214 1878 437 1943 communibus
468 1879 562 1943 rebus
592 1878 741 1944 adhibere
770 1881 910 1962 socium,
942 1876 1069 1963 qualem
1100 1878 1166 1940 suis
1189 1877 1287 1940 rebus
1309 1876 1385 1940 adhi-

212 1985 286 2049 bere
316 1982 406 2049 solet.
453 2003 528 2048 nam
560 1987 616 2069 qui
647 2005 759 2071 parum
791 1984 981 2072 diligentem
1005 1985 1127 2049 socium
1151 1982 1215 2048 sibi
1238 1981 1386 2060 adsumit,

214 2089 253 2156 de
276 2109 309 2154 se
331 2092 421 2174 queri
444 2089 546 2156 debet.

746 2279 864 2350 xxvi.
949 2247 950 2250 ‘

668 2451 718 2512 llll
738 2449 955 2513 Maroneo„

258 2597 449 2664 Mandatum
469 2597 666 2664 contrahitur
684 2599 824 2682 quinque
843 2597 965 2682 modis,
987 2598 1054 2666 sive
1073 2619 1131 2666 suo
1151 2604 1281 2664 tantum
1292 2601 1387 2687 gratia

214 2703 330 2789 aliquis
357 2705 421 2770 tibi
439 2705 590 2782 mandet,
616 2706 684 2770 sive
707 2725 764 2769 sue
787 2709 820 2769 et
843 2709 916 2788 tua,
941 2705 1008 2771 sive
1031 2704 1134 2770 aliena
1158 2711 1305 2789 tantum,
1330 2707 1387 2770 sive

212 2829 271 2874 sua
293 2813 325 2874 et
348 2809 467 2888 aliena,
493 2814 561 2876 sive
583 2816 640 2877 tuo
663 2815 696 2875 εῖ
719 2809 831 2876 aliena.
878 2816 912 2874 at
935 2812 962 2875 si
985 2816 1042 2876 tue
1059 2816 1188 2876 tantum
1209 2814 1317 2899 gratia
1337 2812 1389 2874 tibi

211 2914 400 2980 mandatum
430 2919 489 2999 sit,
520 2937 753 3000 supervacuum
785 2921 833 2981 est
858 2915 1045 2982 mandatum
1068 2922 1101 2982 et
1123 2918 1163 2983 ob
1187 2917 1221 2982 id
1245 2917 1336 2982 nulla
1357 2939 1387 2981 er

212 3040 248 3085 eo
280 3020 433 3107 obligatio
467 3041 524 3086 nec
551 3022 694 3088 mandati
716 3025 800 3087 inter
822 3043 880 3088 vos
904 3025 986 3088 actio
1008 3025 1160 3088 nascitur.
1210 3023 1400 3088 Mandantisr

213 3131 340 3192 tontum
362 3128 468 3215 gretia
491 3130 664 3206 intervenit
686 3129 894 3214 mandatum,
913 3129 1017 3196 veluti
1036 3133 1063 3195 si
1082 3133 1153 3214 quis
1172 3131 1235 3195 tibi
1246 3129 1385 3204 mandet,

211 3237 250 3297 ut
280 3235 409 3320 negotia
437 3235 506 3299 eius
528 3256 669 3322 gereres,
693 3235 747 3302 vel
769 3241 807 3301 ut
829 3237 965 3302 fundum
989 3239 1019 3301 ei
1042 3256 1179 3313 emeres,
1205 3234 1259 3300 vel
1281 3241 1320 3300 ut
1341 3255 1386 3320 pro

213 3357 249 3404 eo
283 3339 459 3424 sponderes.
508 3340 577 3406 'Poe
612 3345 644 3406 et
675 3342 871 3426 mandantis,
903 3342 1007 3409 veluti
1038 3344 1065 3406 si
1094 3341 1226 3406 mandet
1256 3342 1334 3416 tibi,
1356 3349 1400 3403 ntr

212 3448 381 3532 pecuniam
404 3449 463 3513 sub
487 3449 592 3513 usuris
616 3449 755 3514 crederes
779 3451 823 3527 ei,
851 3451 906 3534 qui
924 3452 959 3512 in
976 3469 1042 3513 rem
1061 3449 1163 3532 ipsius
1180 3452 1383 3520 mutuaretur,

211 3558 267 3618 out
298 3555 327 3618 si
357 3552 483 3620 volente
513 3560 545 3619 te
575 3575 668 3641 agere
699 3575 774 3620 cum
806 3577 842 3620 eo
866 3577 905 3620 ex
927 3553 1123 3620 fideiussoris
1147 3573 1243 3618 causa
1265 3551 1383 3617 mandet

211 3660 290 3737 tibi,
322 3664 359 3723 ut
390 3682 464 3725 cum
492 3681 544 3724 reo
567 3681 643 3748 eges
666 3661 807 3746 periculo
830 3661 1025 3738 mandantis,
1051 3659 1103 3727 vel
1127 3665 1165 3724 ut
1187 3662 1291 3744 ipsius
1314 3659 1382 3744 peri·

212 3765 284 3832 culo
315 3767 476 3852 stipuleris
499 3767 538 3831 ab
564 3787 616 3842 ec,
641 3788 735 3852 quem
758 3768 820 3833 tibi
844 3766 969 3854 deleget
991 3769 1026 3830 in
1048 3765 1082 3831 id
1107 3765 1190 3850 quod
1212 3767 1277 3830 tibi
1299 3765 1382 3829 debu·

214 3875 290 3936 erat.
337 3862 451 3938 Aliena
482 3877 591 3938 autem
615 3893 708 3938 cause
731 3875 903 3940 intervenit
925 3872 1130 3946 mandatum,
1155 3870 1263 3937 veluti
1285 3874 1311 3935 si
1333 3869 1396 3934 tibio

213 3976 358 4052 mandet,
384 3983 421 4040 ut
444 3977 523 4042 Titii
545 3980 675 4063 negotia
697 3999 838 4064 gereres,
864 3977 915 4043 vel
935 3983 973 4042 ut
994 3977 1079 4042 Titio
1099 3977 1237 4041 lundam
1259 3995 1379 4045 emeres.

219 4079 265 4144 nol
296 4084 334 4143 ut
363 4101 419 4166 pro
447 4080 531 4148 Titio
556 4082 732 4168 sponderee.
779 4082 845 4150 Sua
868 4090 900 4149 et
923 4083 1044 4163 aliene,
1069 4081 1173 4152 veluti
1196 4084 1224 4148 si
1248 4083 1287 4148 de
1309 4097 1394 4146 eon-⁸
