2890 4616
450 20 504 116 an
527 49 586 128 iv,
612 54 648 137 §a
674 51 819 121 re-aa.
1157 53 1223 122 333
1315 7 1393 111 *b

36 246 118 313 sario
141 244 362 320 denuntiabat,
384 246 422 306 ut
441 243 481 309 ad
498 242 637 308 iudicem
654 245 844 330 capiendum
864 245 915 311 die
932 238 1039 332 ΧΙΧΧ
1058 243 1180 310 adesset
1186 265 1195 323 ;
1212 249 1218 335 )
1244 268 1292 322 aa

39 373 123 418 nunc
149 371 224 417 vero
254 370 317 416 non
346 351 471 434 proprie
499 349 731 415 condictionem
754 353 891 417 dicimus
915 353 1072 417 actionem
1095 353 1130 415 in
1152 373 1257 438 per-r

39 486 160 550 sonam,
178 457 474 554 qualintendimus
498 453 575 526 dari
589 460 614 548 1)
640 465 731 530 nobis
755 470 914 550 oportere;
940 465 1030 531 nulla
1050 469 1137 532 enim
1161 469 1222 534 hoc
1244 489 1258 532 3

5 572 26 660 l)
40 580 183 657 tempore
215 590 251 634 eo
280 571 285 654 Ι
313 571 441 634 nomine
473 569 670 635 denuntiatio
698 570 742 635 fit
790 570 879 637 Haec
914 577 1021 636 autem
1055 572 1258 659 legisactioa

38 679 212 744 constituta
231 677 237 761 )
258 680 306 740 333
333 695 389 760 per
419 675 526 761 legem
554 673 668 740 Siliam
693 681 725 741 et
748 675 970 763 Calpurniam:
995 679 1067 765 lege
1090 679 1220 763 quidam
1245 701 1269 742 ro

37 783 119 849 Silia
149 787 263 868 3311333
289 781 458 866 pecuniae,
482 779 554 867 lega
578 802 653 847 vero
677 779 849 867 Calpurnia
872 783 911 848 de
934 787 1022 848 omni
1046 794 1131 849 certa
1153 806 1196 850 re.
1218 782 1224 872 Ι
1245 807 1266 860 μ

4 891 23 978 l)
38 891 107 971 Qua
131 911 165 955 re
187 892 295 955 autem
319 887 396 951 haec
420 887 502 952 actio
527 886 783 965 desiderabant,
805 910 879 954 cum
895 890 934 955 de
955 910 1005 968 eo,
1028 891 1111 976 quod
1130 892 1221 958 nobis
1245 915 1270 956 u

37 996 118 1084 dalri
141 999 281 1082 oportet,
298 994 487 1080 potuerimus
501 995 526 1073 2)
544 999 600 1058 333
616 1001 810 1061 sacramento
831 1001 887 1060 aut
905 1016 961 1081 par
979 997 1093 1062 iudicis
1112 1002 1219 1083 postu·
1245 1021 1269 1063 a

34 1101 213 1187 lationem!
234 1121 346 1187 agere,
370 1099 463 1167 valde
488 1102 692 1186 qu[o]aritur.
1246 1127 1270 1171 u
1381 1151 1384 1155 -

2 1211 22 1297 .)
80 1209 144 1273 Per
174 1228 288 1273 manus
318 1208 519 1271 iniectionem
552 1228 650 1291 aeque
685 1207 962 1294 [33])1313331333
989 1210 1158 1296 agebatur,
1183 1211 1221 1276 de
1242 1237 1270 1277 ss

35 1315 153 1400 quibus
176 1318 213 1377 ut
235 1315 282 1378 ita
306 1316 453 1399 ageretur
474 1311 546 1399 lege
567 1312 674 1398 aliqua
687 1314 711 1395 3)
742 1314 1222 1398 1333333333,33133133113331
1245 1338 1270 1380 ac

33 1421 106 1508 lege
126 1419 188 1484 XII
200 1418 393 1485 tabularum.
419 1417 505 1497 Quae
518 1420 600 1483 actio
614 1418 686 1483 talis
698 1425 778 1483 erat:
793 1421 848 1503 qui
867 1418 874 1506 )
894 1420 1009 1507 agebat
1021 1421 1219 1486 sic'dicebat:
1245 1445 1269 1486 u

37 1523 152 1607 „Quod
171 1531 208 1590 tu
230 1525 310 1589 mihi
331 1523 544 1588 iudicatus-
559 1526 626 1589 sire
639 1524 808 1589 damnatus
821 1563 863 1573 -
884 1523 943 1610 l‘es
956 1525 1022 1590 HS.
1037 1526 1071 1590 X
1082 1528 1219 1612 milium,
1244 1551 1269 1593 33

36 1633 163 1718 quando
183 1652 312 1698 causam
325 1629 351 1716 ⁴)
375 1649 437 1694 non
455 1628 596 1707 solvisti,
618 1631 742 1695 obeam
759 1630 1070 1718 rem,egotibiHS.
1092 1633 1098 1715 Ι
1118 1632 1222 1698 Xmi-
1246 1656 1271 1698 33

32 1739 119 1804 lium
146 1739 279 1803 iudicati
299 1757 425 1808 manum
445 1735 563 1801 inicio’'
585 1742 617 1800 et
636 1733 735 1800 simul
754 1736 894 1821 aliquam
913 1742 1036 1822 partem
1057 1740 1062 1821 Ι
1083 1741 1222 1826 corporis
1244 1761 1271 1805 33

34 1847 103 1912 eius
124 1846 314 1930 prendebat,
335 1865 392 1909 nec
410 1844 525 1909 licebat
545 1843 686 1908 iudicato
704 1842 847 1920 malrum
865 1844 926 1909 sibi
947 1842 1102 1927 depellere
1121 1849 1220 1930 etpro
1243 1867 1265 1909 ai

32 1973 65 2018 se
89 1952 163 2039 lega
188 1972 299 2038 agere,
324 1951 415 2036 33315)
438 1948 444 2036 Ι
464 1951 520 2035 qui
542 1949 712 2029 vindilcem
739 1969 800 2012 non
822 1948 917 2013 dabat
935 1950 1067 2013 domum
1081 1949 1106 2034 6)
1125 1949 1218 2016 duce·
1240 1973 1275 2027 33,
1289 1973 1315 2016 aa

35 2061 132 2124 batur
155 2059 195 2123 ab
218 2062 322 2123 actore
345 2061 377 2120 et
400 2051 663 2140 313Ι313333317).
1241 2080 1268 2122 a

78 2165 196 2229 Postea
218 2161 372 2246 quaedam
397 2160 485 2247 leges
508 2181 547 2224 ex
570 2160 759 2243 quibusdam
785 2163 984 2246 causisnpro
1003 2162 1145 2228 iudicato
1156 2183 1223 2229 ma·
1296 2164 1358 2229 196
1388 2239 1392 2246 .

32 2291 93 2335 nus
124 2271 328 2336 iniectionem
359 2268 392 2331 in
421 2267 574 2352 quosdam
605 2266 776 2344 dederunt,
804 2269 809 2352 Ι
834 2270 918 2333 siout
948 2267 1000 2332 lex
1024 2257 1168 2333 Publilia
1191 2271 1225 2333 in
1249 2293 1275 2335 3·
1291 2257 1359 2341 ooli)
1389 2312 1392 2319 ·

0 2167 20 2252 ψ

35 2665 234 2732 praeterquam
260 2662 289 2714 in
315 2657 354 2715 lat
377 2678 426 2730 per
449 2661 572 2732 pignoris
598 2660 742 2730 cepionem
766 2663 796 2714 33
819 2659 960 2714 interdum
979 2661 1008 2714 in
1028 2660 1061 2716 lt
1076 2678 1126 2730 per
1144 2679 1218 2715 man.

36 2752 142 2819 131333,
161 2753 219 2816 ubi,
239 2751 292 2805 nisi
311 2751 382 2805 alius
401 2750 516 2819 quidam
536 2749 636 2804 vindex
655 2749 816 2817 intervenit,
832 2749 1083 2819 petitor(uthodia
1094 2749 1221 2819 dicimus)

36 2844 113 2898 solus
132 2841 243 2912 agebat.
281 2841 380 2908 Itaque
399 2839 480 2894 nolul'
495 2839 643 2894 lectionem
663 2839 795 2894 traditam
816 2842 934 2894 mutare.

77 2943 106 3012 l)
126 2941 165 2996 03
184 2941 222 2994 id.
260 2940 292 2994 la
310 2939 463 3008 archetypo
483 2938 567 2993 fuisse
585 2936 734 2994 verisimile
754 2941 796 2993 cst
816 2927 853 2993 di.
882 2968 918 2978 -
947 2937 990 3011 Ad
1015 2955 1074 2992 rem
1096 2939 1131 2995 cf.
1150 2938 1221 2994 Inst.

36 3033 65 3087 h.
86 3034 109 3087 t.
130 3034 147 3101 g
167 3031 201 3085 15
223 3047 306 3100 supra
324 3048 352 3100 p.
372 3028 436 3083 348.

75 3124 107 3194 2)
127 3122 167 3177 Gr
186 3121 319 3193 potuerit.

76 3203 267 3281 30333113.

74 3303 103 3364 4)
123 3301 162 3358 03
192 3301 271 3386 (idos.
291 3300 366 3370 quod
385 3299 523 3372 significat
541 3299 614 3353 nihil
634 3299 711 3354 aliud
730 3317 816 3370 quam
835 3299 910 3369 quod
929 3317 978 3356 nos
998 3301 1144 3357 edidimus.
1164 3301 1222 3357 Alii

35 3392 95 3448 alia
113 3392 299 3448 coniecerunt.
320 3390 387 3446 Noli
403 3394 497 3446 tamen
514 3392 614 3460 putare
626 3390 792 3446 vocabulum
803 3409 909 3446 3333333
919 3391 955 3445 ad
965 3409 1075 3447 carmen
1087 3393 1220 3448 sollemne

37 3483 216 3554 pertinuisse.
255 3481 398 3536 Iudicatur
423 3483 534 3536 tantum
554 3496 587 3535 eo
604 3480 740 3536 vocabulo
757 3481 803 3535 bic
818 3480 994 3535 inserendum
1011 3499 1070 3537 cesa
1086 3481 1130 3544 id,
1146 3482 1221 3551 quod

36 3575 74 3628 ab
94 3589 142 3639 eo,
161 3590 179 3627 a
197 3590 252 3642 quo
271 3572 393 3642 petitum
412 3571 480 3637 luit,
501 3569 570 3625 solvi
590 3569 723 3639 oportuit.
743 3570 786 3626 cf.
802 3569 876 3623 inira
892 3571 968 3638 §242
979 3575 1112 3626 aorninotc
1123 3591 1218 3639 ransc,

36 3683 68 3718 aa
89 3683 141 3736 qun
161 3665 268 3732 cycbct,
286 3662 329 3717 ita
348 3661 459 3717 dicebat
478 3661 514 3716 ob
533 3677 595 3714 eam
615 3677 673 3714 rem
695 3662 748 3716 etc.

76 3755 108 3825 5)
127 3751 707 3823 (313131333331333333133313131)3333331
717 3766 799 3822 agera
810 3751 906 3806 solebat
915 3748 1003 3821 (3131))
1015 3749 1164 3822 03131333
1177 3752 1221 3807 25.
1267 3807 1268 3812 ,

77 3844 105 3902 6)
125 3841 165 3897 Ga
194 3840 346 3898 dominum.

80 3943 110 4010 7)
130 3940 379 3996 3133333333.
417 3942 470 3997 Pro
489 3939 656 4010 quibusdam
675 3939 704 3994 in
724 3941 790 3996 (lod.
811 3943 867 3996 eet:
879 3930 1024 4010 obdeam.

79 4033 104 4092 3)
124 4047 205 4102 »pag.
225 4029 339 4087 interior
358 4030 491 4087 facillime
509 4028 639 4100 legitor”.
