3024 4574
210 271 270 336 est3
291 269 391 323 deinde
415 288 477 324 cura
498 270 574 324 illius
592 287 688 325 versus
707 270 811 342 singuli
829 271 887 324 fere
907 270 1098 342 quadragenus
1116 269 1226 325 littores
1247 268 1303 322 sive
1322 269 1409 323 notas-
1492 271 1508 298 ‘¹‘

206 373 348 428 continere
377 373 534 429 videremus
558 376 709 448 (ee-45),
736 379 870 446 archetypi
894 394 981 430 vasus
1007 378 1211 430 constantissime
1233 374 1411 427 undevicenas

210 481 373 554 continuisse.

243 583 326 638 Hisce
338 584 525 654 ,praemonitis
544 601 720 639 recurramus
740 585 776 638 ud
795 584 888 640 locum
909 584 943 639 de
962 603 1017 654 quo
1035 602 1119 655 supra
1135 583 1251 655 egimus,
1275 581 1412 636 Vidimus

204 687 246 742 ibi
270 689 420 759 legendum
445 706 515 744 esse:
543 689 611 743 »ssd
632 689 675 744 ita
695 707 758 744 eum
778 689 844 759 quid
866 689 988 744 atrocius
1008 689 1187 744 commissum
1207 687 1306 754 fuerit,
1326 685 1402 755 quod

208 796 305 864 aperte
328 794 553 864 [cothumeliem
574 793 680 849 domini
698 793 857 864 respiciet.”

245 899 368 954 Putasne
390 898 477 970 igitur
503 898 604 953 Gaium
630 899 675 953 his
703 899 858 954 eddidisse:
886 898 992 953 »veluti
1015 898 1039 952 si
1064 898 1127 968 quis
1150 900 1264 952 alienum
1291 913 1407 950 servum

207 1003 435 1058 verberaverit'?
482 1004 518 1058 Ni
554 1003 796 1059 vehementissime
825 1004 922 1071 fallor,
952 1021 1016 1058 eum
1047 1003 1080 1057 da
1109 1005 1212 1056 domino
1241 1003 1349 1072 egeret,
1379 1001 1405 1054 si

207 1109 320 1163 omnino
344 1125 387 1162 res
411 1125 464 1180 per
488 1126 516 1163 se
542 1109 747 1179 simplicissime,
772 1109 900 1179 exemplo
925 1111 1034 1179 egeret,
1061 1106 1229 1178 scripsisset,
1251 1105 1358 1160 »veluti
1377 1105 1402 1159 si

207 1213 269 1283 quis
294 1217 348 1268 eins
374 1231 484 1268 servum
508 1215 729 1269 verberaverit':
756 1213 824 1283 quid
848 1213 923 1268 enim
942 1213 978 1267 ad
998 1213 1142 1268 dominum
1162 1212 1266 1281 siquis
1286 1215 1407 1266 alienans
1501 1219 1506 1234 ‘

207 1336 317 1374 servum
342 1319 490 1383 verberet?
529 1319 583 1374 Sed
604 1323 637 1374 ut
656 1319 805 1374 verisimile
824 1337 880 1374 non
901 1321 958 1386 est,
979 1318 1078 1373 Gaium
1098 1318 1152 1372 hoc
1172 1317 1340 1383 illustrasse,
1361 1316 1410 1370 sie

205 1426 302 1480 eontra
327 1423 442 1478 minime
466 1424 616 1479 verisimile
643 1441 701 1479 esse
720 1427 804 1496 puto,
825 1444 882 1479 enm
901 1443 953 1478 non
972 1426 1177 1489 demonstrasse,
1199 1441 1265 1494 qnae
1277 1423 1406 1492 formula

202 1539 398 1600 proponeretur.
436 1529 473 1584 Et
501 1529 641 1600 profecta,
673 1529 696 1583 si
724 1529 766 1584 ita
794 1529 927 1600 legimus:
960 1539 1002 1582 »et
1027 1531 1054 1582 in
1079 1531 1147 1582 tnnc
1175 1547 1264 1582 casnm
1281 1528 1406 1596 formula

201 1637 371 1705 proponitur,
390 1636 483 1687 velati:
505 1637 547 1686 »si
564 1637 622 1705 quis
638 1637 751 1688 alanum
760 1653 861 1688 servam
870 1633 1074 1699 natantem?
1084 1633 1100 1655 ”
1111 1650 1167 1688 non
1177 1635 1221 1687 est
1230 1630 1383 1686 verendum
1395 1673 1411 1695 ‚.

203 1756 240 1794 ns
268 1740 430 1808 quisquam,
458 1740 535 1792 rerba
562 1741 697 1793 sollemnia
725 1741 803 1793 edicti
828 1733 959 1809 praetoris
986 1739 1048 1792 loco
1078 1755 1128 1792 suo
1157 1740 1235 1792 motu
1264 1754 1324 1792 esse
1344 1753 1409 1791 uon·
1497 1803 1501 1810 ι

205 1843 317 1898 sentiet.
355 1843 389 1896 In
414 1860 469 1912 quo
493 1845 589 1897 tamen
613 1860 719 1910 errore,
745 1845 791 1915 qai
815 1855 880 1899 certe
907 1846 1029 1920 fortuitus
1048 1861 1101 1897 esse
1120 1861 1171 1896 non
1187 1845 1315 1912 potnerit,
1335 1859 1402 1895 cum

205 1947 345 2018 conspiret
368 1947 434 2002 Ood.
460 1949 524 2002 Ver.
552 1965 614 2001 cum
638 1949 707 2002 lust.
736 1948 879 2003 institutis
904 1967 1004 2002 necesse
1031 1958 1069 2002 est
1095 1949 1227 2013 dicamas,
1254 1949 1322 2000 tanc
1345 1947 1413 2000 Gai·

209 2052 328 2108 Oodieem
346 2063 370 2106 et
386 2072 458 2119 enm,
478 2073 527 2125 qao
551 2057 724 2108 [tribonianus
742 2065 780 2108 est
798 2072 874 2120 usus,
895 2073 925 2108 ec
943 2056 1029 2108 eodem
1042 2055 1122 2124 jonte
1134 2055 1256 2124 flexisse.

243 2155 298 2223 Sed
324 2156 441 2212 fortusse
469 2160 566 2224 erunt,
595 2159 696 2228 quibus
724 2176 780 2214 nou
810 2159 877 2213 setis
901 2159 998 2214 videar
1020 2159 1112 2228 ipsum
1138 2175 1257 2213 errorem
1284 2159 1408 2213 demon--

207 2263 317 2316 strasse.
360 2262 478 2316 Causam
502 2263 610 2318 scilicet
631 2263 805 2334 probabilem
833 2265 917 2319 huius
940 2264 1020 2333 qussi
1044 2264 1193 2318 verborum
1222 2263 1401 2335 migrationis

206 2367 361 2422 etiamdum
387 2367 555 2424 desiderent.
583 2370 644 2422 Iam
663 2369 687 2423 si
706 2387 863 2436 sumamus,
883 2370 976 2425 oculos
993 2369 1113 2436 scribae,
1129 2369 1178 2438 qui
1194 2385 1258 2423 eum
1276 2369 1409 2423 codicem

205 2470 359 2542 descripsit,
377 2489 460 2542 quem
477 2474 661 2544 archetypum
679 2475 816 2541 dicamus,
833 2476 973 2535 eben-asse
989 2476 1024 2529 sb
1034 2476 1081 2529 nit*
1092 2477 1187 2546 (nitra)
1198 2473 1407 2528 terminatione·
1500 2481 1503 2490 ⁴

206 2577 284 2632 verbi
304 2579 493 2648 »proponitnr”
511 2579 547 2632 ad
557 2579 603 2633 nte
619 2581 668 2650 (:
675 2579 761 2650 verit)
771 2579 886 2635 ultimas
902 2579 1012 2634 litteras
1022 2578 1166 2633 vocabuli:
1182 2579 1404 2646 ›verberaverit”,

206 2681 271 2736 inde
297 2684 371 2737 certe
396 2683 456 2738 fieri
481 2683 589 2754 potuit,
616 2687 649 2738 ut
673 2685 770 2739 verbe:
799 2685 906 2740 »veluti
929 2687 982 2740 etc.
1009 2683 1085 2754 prius
1111 2683 1255 2738 omitteret
1279 2684 1344 2772 ille.
1371 2687 1405 2739 et

207 2785 307 2840 deinde
329 2787 359 2840 in
378 2789 626 2860 margine„errore
646 2789 831 2860 deprehenso,
852 2788 1030 2844 adscriberet.
1069 2789 1130 2844 Hoc
1149 2791 1243 2843 eutem
1264 2789 1339 2843 fecto
1358 2788 1405 2842 its,
1502 2823 1508 2844 r

208 2877 321 2945 demum
341 2892 390 2961 qui
409 2897 507 2964 postes
526 2911 558 2948 eo
579 2893 672 2948 codice
692 2895 856 2960 utebantur,
877 2894 988 2948 credere
1006 2897 1175 2965 potuerunt,
1195 2894 1280 2950 verbe·
1299 2894 1406 2948 omissa

208 3013 267 3052 esse
295 3007 354 3052 ante
372 3016 429 3054 non
445 3010 518 3070 post:
540 3001 587 3054 »et
604 2999 633 3053 in
651 2999 725 3054 huna
745 3018 839 3054 essum
859 3000 980 3055 formula
997 3000 1188 3071 proponitur,''
1209 2997 1341 3071 (exempli
1359 3017 1404 3070 gr.

206 3119 254 3169 ea,
280 3102 355 3172 quod
382 3102 490 3174 signum
516 3102 671 3158 omissionis
697 3123 778 3174 snpra
801 3105 905 3160 lineam
931 3105 1075 3175 adpictum
1103 3105 1184 3176 fuit,)
1212 3107 1237 3158 si
1265 3123 1296 3158 ea
1322 3106 1409 3158 verba

207 3209 338 3278 effecerint
359 3227 439 3261 ronam
465 3211 600 3278 archetypi
622 3227 731 3262 uersam.
771 3211 809 3264 Et
831 3229 921 3264 revera
947 3229 1047 3264 oasam
1067 3213 1221 3280 effecerant,·
1240 3228 1316 3275 nam,
1338 3211 1409 3262 conf

206 3315 273 3366 notis
291 3315 449 3379 scribamus,
468 3324 498 3367 nt
514 3315 562 3380 fas
580 3324 630 3380 est,

431 3419 461 3472 et
479 3417 562 3473 {hirc
581 3436 636 3473 ces.
656 3419 736 3474 form.
750 3420 867 3501 pponit'

206 3524 367 3592 nndeve'pinti
383 3533 444 3576 sent
462 3525 580 3578 litterae!

246 3627 300 3682 Sed
327 3628 383 3681 iem
411 3628 496 3682 finem
524 3628 690 3698 praefationi
719 3628 876 3698 imponem3
902 3629 969 3684 setis
995 3629 1069 3683 enim
1096 3627 1203 3682 dictum
1227 3630 1311 3698 puto,
1330 3646 1405 3697 quo,

207 3749 266 3802 qua
292 3731 399 3787 ratione
428 3735 554 3788 versatus
584 3732 636 3787 sim
660 3733 690 3786 in
717 3732 786 3789 Gaio
815 3733 922 3788 edendo
941 3734 1119 3803 aliquetenus
1139 3732 1283 3787 diiudicari
1302 3732 1404 3803 possit.

206 3837 323 3893 Caetera
349 3853 383 3892 ex
407 3837 468 3906 ipso
492 3855 574 3908 opere
594 3856 741 3909 cognosces
760 3839 857 3906 velim,
878 3839 1011 3894 benevole
1031 3839 1130 3893 lector!
1151 3837 1226 3907 quod
1245 3839 1278 3892 ut
1296 3836 1411 3907 possis,

206 3941 334 3995 tebulem
353 3959 507 4013 proponam
528 3939 803 4014 signorum,·quibus
822 3943 852 3998 in
867 3943 922 3998 hae
939 3943 1061 3998 editione
1078 3961 1145 3998 usus
1163 3942 1223 3998 sim.
1242 3942 1332 3997 Velel

243 4045 405 4102 scribebam
427 4047 618 4128 Amtelodemi
637 4065 731 4104 mense
751 4049 884 4104 Decemb.
904 4047 1137 4102 Moeccuxxv.
