2880 4614
517 30 571 80 un
592 13 648 78 ru.
674 11 846 99 §ao-ar.
1118 39 1121 45 -
1209 11 1273 79 aar

89 205 156 269 sn*
168 207 193 289 1)
215 207 219 289 Ι
239 206 394 271 bonorum
429 209 568 289 emptor,
601 203 708 288 quibas
743 223 881 268 conuersa
918 209 959 266 est
995 203 1175 286 asoreeeptio
1189 202 1215 287 ²)
1259 205 1310 288 Ιιτ

18 310 41 394 ,)
87 317 112 387 †
190 314 247 396 ΙΙ.
294 313 376 377 Item
401 332 480 395 quae
504 310 631 392 deqbita
653 312 728 372 sunt
752 312 797 386 ei,
824 312 914 373 ouius
938 309 1066 372 fuerunt
1087 309 1189 374 bona*
1203 309 1238 393 3),
1259 309 1265 395 Ι
1286 307 1349 394 (aa),
1363 329 1388 372 ro

87 423 146 482 aut
175 421 242 503 ipse
273 418 383 484 debuit
413 437 514 501 nequo
544 399 699 480 bonorum
731 418 948 499 possessor[r]‚
972 436 1068 500 neque
1087 417 1092 498 Ι
1112 417 1268 480 bonorum
1279 435 1314 490 ro,
1327 436 1352 479 ss

88 525 254 608 emptor[r]
281 527 349 608 ipso
371 527 440 588 iure
465 522 614 586 debentur
635 528 688 584 ont
711 522 773 604 ipre
794 523 878 585 dedet
902 528 929 584 et
951 521 1035 610 tideo
1059 522 1097 585 de
1122 522 1307 586 omnibusne

84 630 182 692 rebus
205 631 266 713 ΙΙ)
289 633 323 693 in
346 631 489 714 sequenti
513 629 740 692 commentario
765 625 996 716 prolponemus.
1012 625 1031 714 ΙΙ
1277 649 1312 701 aa,
1325 649 1351 692 n

18 733 36 818 t)
134 733 217 798 Sunt
241 741 348 799 autem
373 738 471 800 etiam
495 735 625 799 alterius
648 737 773 820 generis
797 736 1020 807 successiones,
1043 735 1047 817 Ι
1069 755 1148 818 quae
1167 755 1293 818 nequer
1317 731 1382 798 149

81 841 159 927 lege
181 841 245 905 XII
268 841 471 924 tabularum,
495 863 596 926 neque
609 843 762 924 praetoris
775 840 895 922 edioto,
910 839 963 903 sed
976 862 1011 906 eo
1024 843 1112 916 iure,
1135 842 1140 923 Ι
1164 842 1295 926 [qaod]a
1337 825 1406 904 wa)

18 948 35 1029 κ)
78 968 242 1015 consensu
265 954 426 1034 receptum
453 952 518 1020 est,
544 946 741 1010 introductae
765 952 848 1010 sunt.
883 945 1044 1015 Eooenim
1065 949 1070 1032 Ι
1091 968 1163 1011 oum
1177 951 1291 1031 patera

79 1061 225 1125 familias
237 1081 270 1125 se
281 1063 315 1123 in
327 1062 528 1146 adoptionem
541 1061 626 1124 dedit
637 1059 801 1147 muilierve
808 1062 843 1122 in
851 1081 983 1123 manum
992 1063 1149 1134 conuenit,
1160 1080 1290 1124 omness

79 1168 153 1231 eius
172 1187 221 1231 ros
236 1165 456 1252 inoorlporales
468 1172 500 1232 et
512 1165 685 1251 corporales
699 1167 736 1248 ⁵),
750 1169 834 1249 patri
847 1166 1008 1253 adolptivo
1021 1168 1263 1250 coemptionato-
1275 1187 1299 1248 o,
1311 1189 1324 1231 r

77 1275 151 1337 rive
172 1271 292 1366 [pleno
307 1273 395 1356 iure]
416 1273 642 1358 adquiruntur:
660 1273 799 1356 exceptis
820 1273 825 1356 Ι
846 1271 912 1347 his,
931 1291 1077 1355 quaoper
1089 1273 1201 1356 eapitis
1214 1272 1290 1337 dos

78 1387 296 1450 minutionem
325 1391 475 1476 pereunt,
508 1385 616 1470 quales
639 1389 728 1448 sunt:
751 1384 756 1471 Ι
778 1383 846 1465 [ius
874 1381 1118 1480 adgnationis,
1143 1409 1227 1452 usus
1236 1384 1288 1474 ‚]s

76 1496 299 1573 ususfructus,
339 1519 505 1581 operarum
541 1496 694 1583 obligatio
730 1498 952 1579 libertinorum,
987 1521 1062 1581 qnae
1082 1498 1086 1580 Ι
1107 1519 1162 1582 por
1197 1499 1261 1561 ius·
1274 1519 1299 1562 ro

18 1607 35 1687 ι)
78 1603 258 1668 iurandum
278 1607 437 1668 eontracta
453 1603 574 1686 est⁶)†
603 1605 608 1685 Ι
635 1603 783 1688 legitimo
799 1603 925 1667 iudioio.
961 1602 1010 1667 Ex
1022 1604 1161 1681 diverso,
1178 1604 1263 1688 quod
1275 1625 1297 1668 n

74 1712 107 1772 is
140 1707 270 1794 debuit,
306 1709 366 1804 qui
400 1735 437 1778 se
473 1709 508 1777 in
530 1709 534 1794 Ι
556 1708 757 1793 adoptionem
781 1709 885 1786 dedit,
910 1729 1051 1793 quaeque
1074 1712 1108 1773 in
1131 1731 1302 1774 manumn

75 1821 228 1885 convenit
259 1843 317 1884 noa
338 1824 342 1903 Ι
364 1824 477 1886 transit
508 1823 546 1886 ad
578 1825 879 1906 coemptionatorem
903 1828 958 1886 aut
981 1822 1022 1886 ad
1043 1828 1167 1906 patrem
1188 1822 1297 1886 ado-13

74 1929 238 2010 pinnum,
262 1929 325 1991 nisi
338 1933 364 2006 ⁷)
387 1929 614 2005 hereditarium
641 1948 692 1992 aes
716 1927 855 1993 alienum
880 1927 988 2003 faerit;
1015 1924 1159 2013 attenua,
1183 1930 1304 2012 quian,
1318 1950 1343 1993 ra

51 2092 247 2102 ——au--m-

108 2176 138 2244 1)
159 2173 308 2232 Gosohon.:
331 2176 478 2230 nin111111”.
509 2175 602 2229 Statui
620 2176 716 2231 fuisse:
737 2177 765 2230 in
786 2167 857 2246 nors—s.
879 2173 933 2232 fit.

106 2266 139 2335 2)
160 2264 202 2318 of.
229 2266 271 2328 Π,
299 2267 342 2320 61.
367 2267 598 2335 supplementum
622 2284 670 2335 pro
699 2266 789 2336 spatio
815 2271 844 2321 et
868 2267 1022 2321 sententiae
1048 2267 1155 2321 ratione
1177 2285 1211 2321 ex
1231 2269 1266 2336 oj.

62 2371 134 2407 mea
154 2353 226 2407 dedi.
245 2355 347 2409 Versus
367 2372 483 2424 sequens
502 2363 531 2409 et
550 2355 606 2409 fere
627 2356 758 2409 dimidius
780 2357 894 2410 alterius
910 2357 967 2426 legi
976 2357 1055 2410 nullo
1066 2356 1147 2410 modo
1158 2359 1264 2424 potest,

65 2459 165 2512 neque
185 2460 236 2514 ego
256 2445 415 2499 coniectura
434 2444 543 2514 assequi
562 2445 649 2514 potui.

106 2535 137 2603 3)
166 2532 282 2588 Secutus
315 2553 375 2589 sum
407 2535 475 2599 Hia,
501 2552 671 2604 quamquam
698 2535 780 2604 paulo
808 2535 918 2588 brevius
944 2534 1065 2604 spatium
1092 2551 1212 2588 raouum
1238 2533 1267 2587 in

63 2623 138 2678 Cod.
162 2640 221 2677 esse
240 2624 311 2678 mihi
329 2625 442 2693 quidem
461 2625 580 2680 ridetur.

104 2767 137 2836 4)
165 2767 232 2821 Posi
265 2769 382 2821 »rebus''
416 2767 558 2822 Gtsohen:
587 2727 805 2839 ln...scisoo(?).
825 2768 927 2820 Versus
948 2767 1085 2821 eiusfinis
1105 2769 1134 2820 et
1153 2765 1269 2820 adini-

61 2857 142 2910 tium
167 2856 224 2926 legi
243 2875 298 2911 non
318 2854 418 2926 potest.
439 2859 505 2912 Hia:
524 2859 641 2912 utilibus
652 2857 689 2927 (i)
705 2857 861 2911 actionibus
878 2860 908 2910 et
924 2857 1103 2926 experiuntur
1122 2857 1151 2910 et
1171 2873 1269 2910 eonve-

64 2949 198 3000 niuntur.
219 2948 259 3000 Ex
279 2949 332 3013 IV,
353 2949 404 3012 34,
425 2949 459 3001 35
480 2949 591 3002 videtur
609 2948 702 3017 potius
723 2947 871 3018 legendum
893 2947 1023 3001 »ficticiis
1042 2946 1198 3001 notionibus
1214 2949 1268 3001 eto.

68 3037 129 3090 Sed
148 3035 215 3104 quia
234 3037 331 3091 dubito
352 3037 490 3090 abstinere
511 3037 605 3090 malui.
958 3024 964 3034 ⁰

104 3129 134 3194 *Ι
157 3143 238 3196 apag.
268 3127 387 3181 exterior
416 3130 529 3196 propter
558 3127 718 3180 litterarum
748 3126 882 3194 pallorem
908 3127 1141 3196 membranaeque
1167 3128 1268 3182 cariem

62 3215 234 3269 difficillime
254 3217 384 3288 legitur.''

103 3314 135 3382 5)
159 3313 206 3382 (qq
226 3313 251 3366 ei
270 3313 380 3367 deuitae
400 3313 483 3383 (sici)
499 3305 526 3382 ἓ)
546 3313 575 3366 C.
615 3311 667 3365 Sed
689 3311 783 3364 debita
803 3311 877 3365 iuter
894 3301 936 3366 res
954 3313 1133 3382 incorporalis
1148 3313 1204 3368 iam
1219 3314 1267 3368 ad-

60 3404 216 3456 numerata
241 3405 314 3456 sunt.
354 3403 406 3456 Pro
435 3402 605 3455 »mulierve”
634 3401 681 3470 (of.
708 3399 983 3472 coemptionatorive)
1011 3403 1039 3455 in
1061 3402 1126 3458 Cod.
1147 3421 1225 3458 versu
1251 3405 1266 3458 5

60 3496 108 3546 est
131 3491 330 3560 ›mulierquo''.
371 3493 411 3546 of.
432 3492 644 3546 adnotationem
665 3491 701 3544 ad
720 3507 830 3544 vorsum
851 3491 895 3544 23.

103 3584 135 3651 6)
156 3582 224 3635 Post
248 3585 391 3636 contracta
419 3586 474 3636 tres
494 3585 606 3636 tantum
625 3583 737 3635 litterae
757 3579 916 3648 pallidiores
935 3580 964 3632 in
984 3597 1015 3635 oo
1035 3598 1115 3635 vorsu
1129 3582 1207 3653 legit
1225 3583 1264 3637 St.
1284 3599 1287 3603 ·

61 3681 126 3766 not,
147 3676 242 3744 itaque
261 3678 290 3730 iu
311 3678 378 3731 (lod.
400 3679 454 3732 fuit
475 3681 525 3732 aut
542 3686 572 3727 se
582 3681 630 3746 Ι;·
641 3679 694 3747 ost)
706 3678 752 3731 et”
770 3680 820 3730 aut
834 3669 881 3731 eat
898 3679 947 3746 (z
960 3681 1053 3748 esset).
1083 3679 1153 3744 Quid
1170 3682 1265 3734 antem

59 3789 170 3858 periit?
192 3791 250 3842 »De
269 3793 342 3844 »lites
361 3789 503 3864 flodolde*
520 3793 604 3843 raiano
621 3793 749 3844 commode
766 3791 887 3858 ooqttes.”
916 3791 978 3859 lpse
999 3791 1039 3844 st.
1056 3792 1145 3863 magis
1156 3809 1264 3848 excon-

60 3879 175 3933 ieotura
200 3897 284 3946 quam
307 3881 383 3949 quod
402 3897 436 3933 ea
455 3880 541 3934 oculis
566 3880 622 3933 suis
648 3879 729 3950 legit:
751 3879 833 3932 »lites
853 3897 924 3948 quae
945 3882 1094 3950 aguntur.’'
1115 3881 1263 3937 Goudsmit

61 3967 192 4022 Rndorfii
212 3969 246 4036 oj.
267 3969 350 4024 »lites
371 3971 562 4024 contestatae”
583 3971 692 4039 probat,
714 3970 818 4024 collata
838 3973 855 4023 t.
877 3970 911 4023 58
932 3970 965 4024 Ι).
984 3971 1018 4024 de
1030 3971 1062 4026 Ο.
1074 3971 1213 4042 eunus,
1226 3975 1262 4038 7).
1329 4031 1335 4039 ,

103 4059 134 4128 7)
156 4057 203 4128 (si)
223 4057 251 4111 0.
929 4055 930 4058 ’
