2934 4608
464 82 519 131 err
542 63 581 129 II.
607 63 723 149 §123‚
751 63 826 130 124.
1069 113 1072 118 ,
1215 62 1257 131 79

82 255 221 331 teriorit,
253 252 411 318 inutiliter
442 255 625 319 testabitur:
647 254 653 337 t
674 253 750 318 adeo
782 252 912 338 quidem
935 258 973 317 ut
990 255 1090 317 nostri
1111 274 1256 340 praecep
1268 275 1294 320 re

80 363 163 424 tores
187 361 390 434 existiment,
416 355 543 444 etitem,
568 361 596 423 si
619 361 692 426 vivo
715 362 804 444 petre
828 357 913 422 filius
936 357 1103 422 defunctus
1123 360 1181 434 sit,
1202 380 1294 424 nere

80 466 203 529 minem
224 466 228 549 t
249 464 396 530 heredem
417 485 455 528 ex
468 485 503 528 eo
517 468 707 528 testamento
721 465 855 528 existere
866 483 974 548 posse,
989 462 1072 547 quod
1084 461 1255 558 scilicet1){
1269 484 1295 529 ιι

78 572 190 634 statim
214 573 252 634 eb
275 571 369 634 initio
392 589 455 633 non
478 572 655 634 constiterit
678 567 869 660 instituti103
892 569 946 633 sed
967 568 1108 633 diversae
1128 567 1254 633 scholae
1267 590 1301 648 ιι,
1314 589 1341 634 ro

77 678 239 751 suctores,
272 677 301 739 si
329 674 459 759 quidem
490 673 575 739 filius
599 677 712 738 mortis
736 674 834 758 petris
858 678 1000 757 tempore
1021 673 1027 755 l
1046 674 1154 751 rivet,
1180 694 1254 738 sane
1266 694 1293 739 ιι

76 779 304 864 impedimento
325 800 400 844 eum
418 799 483 844 esse
503 781 629 864 scriptis
648 770 828 855 hereditbus
842 779 867 862 ²)
885 776 1089 855 confitentur;
1112 779 1118 862 t
1138 779 1253 844 sivero
1266 799 1301 857 n,
1315 798 1341 844 ro

77 889 151 948 ente
175 890 309 950 mortem
331 887 431 970 petris
454 886 650 970 interceptus
674 887 732 961 sit,
757 903 848 968 posse
868 884 873 968 Ι
895 904 934 948 ex
956 885 1146 947 testamento
1169 883 1296 948 here-so

77 990 152 1054 dem
182 991 267 1054 edire
294 993 485 1074 [praetorem]
499 989 523 1076 8)
557 993 690 1075 putant,
722 988 811 1053 nullo
834 990 899 1052 iem
922 986 989 1052 filio
1012 988 1256 1073 impedimento;
1270 1009 1295 1052 n

76 1098 154 1179 quia
183 1094 305 1160 scilicet
335 1098 518 1161 existimant
550 1099 660 1161 stetim
684 1095 723 1159 eb
746 1096 840 1159 initio
861 1095 866 1178 Ι
886 1092 1046 1158 inutiliter
1069 1091 1138 1158 fieri
1161 1098 1255 1158 teste·
1268 1113 1295 1157 es

76 1204 186 1265 mento
209 1198 275 1265 fflio
297 1203 479 1286 praeterito.

9 1303 63 1393 24)
126 1303 272 1370 Oeeteras
284 1327 358 1372 vero
379 1309 384 1392 Ι
404 1306 576 1372 liberorum
589 1326 736 1390 personas
748 1307 776 1370 si
787 1305 986 1389 praeterierit
996 1307 1129 1369 testator
1138 1301 1225 1369 valet
1245 1304 1251 1390 Ι
1271 1325 1297 1369 es

74 1415 322 1489 testamentum,
357 1411 435 1499 [sed]
473 1413 661 1496 praeteritae
694 1413 774 1476 istae
807 1429 957 1495 personae
991 1409 1161 1476 heredibus
1195 1412 1295 1488 inliso

67 1931 136 2001 (50,
159 1930 228 2002 17))
246 1932 289 1985 et:
312 1929 400 1983 »nihil
418 1929 496 1983 eliud
515 1931 558 1984 est
577 1927 718 1984 heredites
738 1945 823 1998 quarn
843 1928 979 1983 successio
999 1929 1029 1982 in
1048 1931 1196 1984 universum
1215 1931 1269 1995 ios,
1362 1936 1367 1946 '

69 2020 149 2090 quod
170 2020 318 2075 defunctus
337 2019 465 2074 habuit'.
485 2019 515 2091 (l.
536 2020 571 2072 62
591 2019 625 2073 D.
646 2018 680 2073 de
696 2037 718 2072 r.
730 2017 758 2084 i,
778 2015 814 2072 cf.
830 2019 976 2088 praeterea
991 2021 1009 2075 l.
1023 2019 1091 2086 128,
1104 2019 1157 2086 1‚t.
1169 2018 1231 2084 141,
1243 2019 1268 2072 1.

68 2109 110 2163 ib.
134 2112 151 2163 l.
173 2109 227 2163 208
247 2108 281 2162 de
300 2109 334 2164 V.
356 2108 395 2179 S.)
423 2103 523 2178 Itaque
549 2108 629 2162 heres
655 2124 712 2162 non
737 2107 828 2162 solum
846 2126 934 2162 rernm
961 2109 1079 2162 dominus
1098 2108 1196 2173 fiebat,
1221 2107 1270 2162 sed

70 2199 165 2254 etiarn
190 2200 268 2270 quasi
284 2208 363 2269 pater
386 2215 476 2252 eorem
502 2199 643 2252 liberorum
664 2215 853 2267 personarum,
878 2214 950 2266 quse
968 2197 998 2250 in
1016 2197 1125 2252 familie
1143 2199 1270 2252 retentae
1338 2207 1342 2216 '
1406 2205 1409 2223 ¹

71 2289 167 2344 erant.
187 2287 290 2342 Durius
306 2289 401 2342 eutem
417 2285 567 2342 videbatur
583 2286 736 2353 masculos,
752 2286 888 2356 ingenuos
905 2285 1012 2340 eliense
1029 2285 1164 2355 potestati
1184 2285 1225 2341 ita
1243 2289 1272 2340 ire

69 2387 228 2450 perpetuom
253 2393 312 2432 csse
336 2376 487 2442 subiectos,
514 2378 547 2430 ιι)
572 2391 608 2430 ne
633 2391 729 2446 cogere
753 2374 866 2444 quidem
885 2375 1030 2430 dominum
1049 2376 1175 2445 possent,
1194 2377 1227 2429 ιι)
1243 2390 1271 2430 se

71 2466 297 2537 emancipnrent.
335 2465 402 2520 Pius
428 2465 515 2536 igitur
542 2467 623 2535 peter
649 2465 766 2534 quisque
790 2464 813 2518 si
826 2467 916 2538 filium
935 2465 985 2534 qui
1003 2468 1064 2520 erat
1082 2465 1113 2518 in
1131 2465 1272 2534 potestate

72 2555 210 2612 heredem
230 2574 286 2612 non
305 2555 479 2621 institueret,
497 2571 561 2609 eum
578 2557 673 2609 temen
687 2556 871 2621 exheredata,
885 2555 904 2608 i.
915 2571 939 2609 e.
959 2555 1089 2612 eximebat
1113 2571 1127 2608 e
1147 2563 1274 2624 potestate

71 2648 188 2702 heredis.
227 2645 329 2711 Quodsi
356 2645 418 2713 quis
444 2644 497 2699 hoc
521 2661 578 2716 non
604 2643 731 2710 iecisset,
749 2643 906 2713 impietatis
925 2659 1015 2713 poene
1034 2642 1105 2708 fuit,
1125 2645 1158 2696 ιι)
1176 2644 1274 2698 contre

70 2736 136 2790 eius
163 2735 340 2790 voluntatem
362 2733 422 2805 ipse
446 2734 496 2789 ille
521 2734 596 2788 filius
618 2733 698 2788 heres
717 2733 744 2787 ei
762 2732 849 2788 fieret.
887 2732 930 2788 De
948 2731 1043 2787 liberis
1063 2734 1159 2786 eutem
1180 2748 1273 2787 emen-

71 2824 181 2895 cipetis
205 2825 278 2879 nihil
304 2827 419 2880 centurn
438 2825 513 2889 eret,
534 2827 593 2893 (eos
611 2822 700 2894 igitur
717 2821 828 2878 silentio
847 2823 998 2893 praeterire
1018 2821 1175 2891 antiquitus
1194 2821 1274 2890 pater

73 2914 203 2986 potuit,)
220 2931 309 2984 neque
326 2913 360 2969 de
377 2912 488 2968 filiabus
497 2911 611 2981 quidem
624 2911 680 2966 suis
690 2912 738 2966 sed
747 2910 914 2982 procedente
925 2915 1050 2982 tempore
1060 2911 1146 2966 etiem
1156 2910 1186 2963 hi
1195 2925 1274 2980 pree-

72 3003 159 3059 teriti
176 3003 199 3057 si
216 3007 323 3071 essent,
338 3001 368 3056 in
384 3004 509 3072 partem,
524 3004 568 3067 et,
585 3001 709 3056 moribus
725 3000 810 3056 etiem
821 3000 909 3072 magis
921 3001 1054 3067 mutetis,
1065 3001 1110 3056 vel
1125 3017 1159 3055 ex
1169 2999 1271 3065 solido,

71 3095 153 3150 bone
182 3097 300 3164 paterna
325 3092 513 3160 obtinebant,
536 3093 571 3146 ut
599 3089 711 3160 plenius
738 3090 820 3160 §124
839 3108 898 3159 sqq.
937 3089 1022 3145 Gaius
1041 3091 1132 3146 docet.
1161 3088 1274 3144 Scilicet

69 3183 204 3239 moribus
222 3182 359 3253 mitigatis
377 3183 434 3238 ism
452 3181 502 3237 ille
522 3180 671 3237 videbatur
693 3179 795 3250 impius
817 3181 899 3250 peter
918 3196 991 3247 esse,
1009 3179 1058 3249 qni
1076 3180 1178 3234 liberos
1194 3177 1274 3234 bonis

70 3272 136 3326 suis
156 3271 328 3326 exclusisset.

115 3363 146 3432 1)
168 3361 259 3432 (quia)
276 3361 306 3416 O.
321 3359 397 3430 quod
412 3359 581 3416 vocobulum
595 3357 773 3430 adscripsisse
788 3356 891 3429 aliquis
908 3357 1019 3415 ridetur
1028 3360 1062 3413 ιι)
1071 3354 1274 3412 inconstantiae

68 3449 182 3506 Gaium
201 3452 339 3521 argueret.
358 3449 423 3506 vide
441 3468 469 3505 v.
490 3450 534 3504 21.
554 3450 589 3504 et
603 3465 674 3518 queo
694 3447 889 3504 adnotavimus
909 3449 962 3520 (3).

114 3541 148 3609 2)
169 3539 308 3613 (stillum
327 3540 408 3610 (sict)
428 3539 464 3594 ab
483 3539 619 3594 intestato
638 3536 734 3592 h-dem
754 3536 826 3608 fieri)
845 3536 875 3592 G.

114 3630 148 3700 3)
169 3628 281 3684 Scilicet
290 3631 373 3684 utres
383 3631 434 3684 tot.
445 3630 502 3683 bon
508 3647 580 3700 poss.
590 3627 727 3696 obtineat,
737 3627 772 3682 cf.
782 3626 852 3682 infre
866 3626 957 3696 5147.
977 3624 1037 3679 Hoc
1046 3622 1133 3694 igitur
1142 3621 1278 3677 intererat

68 3718 154 3774 inter
173 3717 267 3773 Sabin.
291 3721 321 3774 et
340 3719 459 3786 Procul„
482 3720 516 3774 ut
537 3717 581 3772 illi
600 3719 736 3789 negarent
750 3719 833 3771 ellum
851 3733 905 3770 esse
923 3716 1040 3770 heredem
1059 3715 1099 3768 vel
1118 3723 1226 3777 testam,
1245 3710 1277 3764 hi

71 3807 182 3864 inutile
201 3810 315 3863 tentum
331 3809 400 3879 fieri
417 3809 529 3862 testem.
548 3839 582 3848 -
603 3806 647 3862 (tr
667 3805 748 3860 adiri.
768 3804 851 3862 ndns
875 3802 1085 3876 [hereditatem]
1107 3800 1199 3866 edire3
1219 3817 1288 3869 que·

70 3897 201 3953 lectione
226 3898 354 3967 recepte,
381 3898 564 3968 cogebantur,
589 3915 625 3952 no
651 3897 683 3952 (l.
702 3897 747 3952 his
766 3895 891 3952 versibus
911 3911 1006 3950 secum
1024 3909 1148 3964 pugnare
1168 3891 1276 3948 videre·

68 3990 140 4054 tur,
158 4004 186 4041 v.
208 3987 242 4040 22
262 3987 366 4058 legerer
387 3988 488 4059 »[non]
505 3986 664 4042 inutiliter”
681 3989 735 4042 etc.
751 4001 808 4042 non
824 3987 953 4040 curantes
968 4001 1004 4039 ne
1020 3983 1059 4038 sic
1078 3982 1192 4054 quidem
1208 3998 1274 4037 eum

70 4075 135 4132 sibi
155 4079 298 4146 constares
318 4065 381 4134 vide
402 4075 477 4132 enim
496 4093 607 4133 versum
627 4075 672 4134 11.
